@ARTICLE{Schonung1964,
author={Schönung, A. and Stemmler, H.},
journal={Brown Boveri Rev.}, title={Static Frequency Changers with Subharmonic Control in Conjunction with Reversible Variable Speed AC Drives},
year={1964},
month={Aug./Sept. },
volume={51},
number={},
pages={555-577},
keywords={Static Frequency Changers with Subharmonic Control in Conjunction with Reversible Variable Speed AC Drives;},
doi={10.1109/MIE.2007.909539},
ISSN={1932-4529},}

@ARTICLE{Bowes1975b,
author={Bowes, Sydney R.},
journal={Proceeding of IEE}, title={New sinusoidal pulsewidth- modulated inverter},
year={1975},
month={Nov. },
volume={122},
number={11},
pages={1279-1284},
keywords={Static Frequency Changers with Subharmonic Control in Conjunction with Reversible Variable Speed AC Drives;},
doi={10.1109/MIE.2007.909539},
ISSN={1932-4529},}

@ARTICLE{Bowes1975a,
author={Bowes, Sydney R. and Bird, B. M.},
journal={Proceeding of IEE}, title={Novel Approach to the Analysis and Synthesis of Modulation Processes in Power Converters},
year={1975},
month={May },
volume={122},
number={5},
pages={507-513},
keywords={Static Frequency Changers with Subharmonic Control in Conjunction with Reversible Variable Speed AC Drives;},
doi={10.1109/MIE.2007.909539},
ISSN={1932-4529},}

@ARTICLE{Kovacs1959,
author={Kov\`{a}cs, K. P. and Racz, I.},
journal={Budapest, Hungary: Verlag der Ungarischen Akademie der Wissenschaften}, title={Transiente Vorgänge in Wechselstrom-maschinen, Bd. I and II},
year={1959},
month={},
volume={},
number={},
pages={},
keywords={Static Frequency Changers with Subharmonic Control in Conjunction with Reversible Variable Speed AC Drives;},
doi={10.1109/MIE.2007.909539},
ISSN={1932-4529},}

@ARTICLE{Pfaff1984,
author={Pfaff, Gerhard and Weschta, Alois and Wick, Albert F.},
journal={IEEE Trans. Ind. Appl.},
title={Design and Experimental Results of a Brushless AC Servo Drive},
year={1984},
month={July},
volume={IA-20},
number={4},
pages={814-821},
keywords={Actuators;Choppers;Control systems;Inverters;Machine control;Manufacturing;Permanent magnet motors;Servomechanisms;Servomotors;Synchronous motors},
doi={10.1109/TIA.1984.4504491},
ISSN={0093-9994},}

@ARTICLE{Broeck1988,
author={Van der Broeck, H. W. and Skudelny, H. -C. and Stanke, G. V.},
journal={IEEE Trans. Ind. Appl.},
title={Analysis and realization of a pulsewidth modulator based on voltage space vectors},
year={1988},
month={Jan.},
volume={24},
number={1},
pages={142-150},
keywords={invertors;pulse width modulation;PWM;current distortions;modulation index;pulsewidth-modulated voltage source inverters;switching times;torque ripples;voltage space vectors;Functional analysis;Leg;Pulse inverters;Pulse modulation;Pulse width modulation;Pulse width modulation inverters;Sampling methods;Space vector pulse width modulation;Switching frequency;Voltage control},
doi={10.1109/28.87265},
ISSN={0093-9994},}

@ARTICLE{Turnbull1964,
author={Turnbull, F. G.},
journal={IEEE Trans. Communication and Electron.},
title={Selected harmonic reduction in static dc-ac inverters},
year={1964},
month={July},
volume={83},
number={},
pages={374-378},
keywords={invertors;pulse width modulation;PWM;current distortions;modulation index;pulsewidth-modulated voltage source inverters;switching times;torque ripples;voltage space vectors;Functional analysis;Leg;Pulse inverters;Pulse modulation;Pulse width modulation;Pulse width modulation inverters;Sampling methods;Space vector pulse width modulation;Switching frequency;Voltage control},
doi={10.1109/28.87265},
ISSN={0093-9994},}

@ARTICLE{Patel1973,
author={Patel, Hasmukh S. and Hoft, R. G.},
journal={IEEE Trans. Ind. Appl.},
title={Generalized Techniques of Harmonic Elimination and Voltage Control in Thyristor Inverters: Part I--Harmonic Elimination},
year={1973},
month={May},
volume={IA-9},
number={3},
pages={310-317},
keywords={Application software;Availability;Bridge circuits;Industry Applications Society;Inverters;Nonlinear equations;Power harmonic filters;Switching circuits;Thyristors;Voltage control},
doi={10.1109/TIA.1973.349908},
ISSN={0093-9994},}

@ARTICLE{Patel1974,
author={Patel, Hasmukh S. and Hoft, R. G.},
journal={IEEE Trans. Ind. Appl.},
title={Generalized Techniques of Harmonic Elimination and Voltage Control in Thyristor Inverters: Part II --- Voltage Control Techniques},
year={1974},
month={Sept.},
volume={IA-10},
number={5},
pages={666-673},
keywords={Circuits;Constraint optimization;Constraint theory;Control theory;Inverters;Pulse modulation;Space vector pulse width modulation;Switching frequency;Thyristors;Voltage control},
doi={10.1109/TIA.1974.349239},
ISSN={0093-9994},}

@ARTICLE{Bose2007,
author={Bose, B. K.},
journal={IEEE Ind. Electron. Mag.}, title={Need a Switch?},
year={2007},
month={December},
volume={1},
number={4},
pages={30-39},
keywords={AC motor drives;hard switching;soft-switched power conversion;AC motor drives;switching convertors;},
doi={10.1109/MIE.2007.909539},
ISSN={1932-4529},}

@ARTICLE{Bose2009,
author={Bose, B. K.},
journal={IEEE Trans. Ind. Electron.},
title={Power Electronics and Motor Drives Recent Progress and Perspective},
year={2009},
month={Feb.},
volume={56},
number={2},
pages={581-588},
keywords={motor drives;power electronics;dynamic evolution;energy conservation;environmental pollution control;global industrial automation;motor drives;power electronics;power semiconductor devices;variable-frequency AC drives;Control;converters;motor drives;power electronics},
doi={10.1109/TIE.2008.2002726},
ISSN={0278-0046},}

@ARTICLE{Wyk2013,
author={van Wyk, J. D. and Lee, F. C.},
journal={IEEE Trans. Emerg. Sel. Topics Power Electron.},
title={On a Future for Power Electronics},
year={2013},
month={June},
volume={1},
number={2},
pages={59-72},
keywords={electronics packaging;power convertors;converter circuit control technology;electromagnetic impact;electronic energy processing;internal driving philosophy;internal semiconductor technology;life cycle technology;packaging;physical impact;power electronics technology;wide bandgap semiconductor;Future of power electronics},
doi={10.1109/JESTPE.2013.2271499},
ISSN={2168-6777},}

@ARTICLE{Liserre2010,
author={Liserre, M. and Sauter, T. and Hung, J. Y.},
journal={IEEE Ind. Electron. Mag.},
title={Future Energy Systems: Integrating Renewable Energy Sources into the Smart Power Grid Through Industrial Electronics},
year={2010},
month={March},
volume={4},
number={1},
pages={18-37},
keywords={hybrid power systems;photovoltaic power systems;smart power grids;tidal power stations;wind power plants;hybrid energy systems;industrial electronics;photovoltaic power;renewable energy sources;smart power grid;tidal energy conversion;wind energy conversion;Communication industry;Energy resources;Environmental economics;Fuel economy;Industrial electronics;Power generation economics;Power system reliability;Production;Renewable energy resources;Smart grids},
doi={10.1109/MIE.2010.935861},
ISSN={1932-4529},}

@ARTICLE{Kouro2012,
author={Kouro, S. and Rodriguez, J. and B. Wu and Bernet, S. and Perez, M.},
journal={IEEE Ind. Appl. Mag.},
title={Powering the Future of Industry: High-Power Adjustable Speed Drive Topologies},
year={2012},
month={July},
volume={18},
number={4},
pages={26-39},
keywords={industries;power convertors;variable speed drives;HP-ASD technology;MV operation;drive configurations;future industry;high-power adjustable speed drive topologies;industrial applications;life-cycle costs;megawatt range;power converters;power quality;Cost benefit analysis;Industrial processes;Insulated gate bipolar transistors;Logic gates;Power conversion;Rectifiers;Variable speed drives},
doi={10.1109/MIAS.2012.2192231},
ISSN={1077-2618},}

@ARTICLE{Rabkowski2012,
author={Rabkowski, J. and Peftitsis, D. and Nee, H.},
journal={IEEE Ind. Electron. Mag.}, title={Silicon Carbide Power Transistors: A New Era in Power Electronics Is Initiated},
year={2012},
month={June},
volume={6},
number={2},
pages={17-26},
keywords={SiC;maximum temperature;silicon carbide power electronics;silicon carbide power transistor;thermal conductivity;voltage drop;voltage rating;power transistors;silicon compounds;thermal conductivity;wide band gap semiconductors;},
doi={10.1109/MIE.2012.2193291},
ISSN={1932-4529},}

% -----------------------------
% Pre-calculated PWM references
% -----------------------------

@ARTICLE{Buja1977,
author={Buja, Giuseppe S. and Indri, Giovanni B.},
journal={IEEE Trans. Ind. Appl.},
title={Optimal Pulsewidth Modulation for Feeding AC Motors},
year={1977},
month={Jan.},
volume={IA-13},
number={1},
pages={38-44},
keywords={AC motors;Amplitude modulation;Commutation;Performance analysis;Pulse inverters;Pulse modulation;Pulse width modulation;Pulse width modulation inverters;Space vector pulse width modulation;Voltage},
doi={10.1109/TIA.1977.4503359},
ISSN={0093-9994},}

@ARTICLE{Buja1980,
author={Buja, G. S.},
journal={IEEE Trans. Ind. Appl.},
title={Optimum Output Waveforms in PWM Inverters},
year={1980},
month={Nov.},
volume={IA-16},
number={6},
pages={830-836},
keywords={Availability;Cost function;Microcomputers;Nonlinear dynamical systems;Nonlinear equations;Optimization methods;Pulse inverters;Pulse width modulation;Pulse width modulation inverters;Voltage control},
doi={10.1109/TIA.1980.4503879},
ISSN={0093-9994},}

@ARTICLE{Holtz1993,
author={Holtz, J. and Beyer, B.},
journal={IEEE Trans. Ind. Appl.},
title={Optimal synchronous pulsewidth modulation with a trajectory-tracking scheme for high-dynamic performance},
year={1993},
month={Nov.},
volume={29},
number={6},
pages={1098-1105},
keywords={electric current control;electric drives;invertors;pulse width modulation;transients;30 kW;AC drive;PWM;feedforward control technique;high-dynamic performance;high-power inverters;low switching frequency;optimal synchronous pulsewidth modulation;pulse-width modulator;space vector;steady-state;trajectory-tracking scheme;transient operating conditions;Control systems;Force control;Optimal control;Pulse inverters;Pulse modulation;Pulse width modulation;Pulse width modulation inverters;Space vector pulse width modulation;Switching frequency;Trajectory},
doi={10.1109/28.259719},
ISSN={0093-9994},}

@ARTICLE{Holtz1994,
author={Holtz, J. and Beyer, B.},
journal={IEEE Trans. Ind. Appl.},
title={Optimal pulsewidth modulation for AC servos and low-cost industrial drives},
year={1994},
month={July},
volume={30},
number={4},
pages={1039-1047},
keywords={AC motors;Fourier transforms;electric drives;invertors;optimisation;pulse width modulation;servomotors;switching;AC servos;Fourier spectrum;asynchronous modulation;dominant carrier frequencies;hardware implementation cost;harmonic currents reduction;inverters;low-cost industrial drives;optimal pulsewidth modulation;optimization variables;reference voltage vector;switching frequencies;switching subcycles;synchronized modulation;Frequency synchronization;Hardware;Optimization methods;Pulse inverters;Pulse modulation;Pulse width modulation inverters;Servomechanisms;Space vector pulse width modulation;Switching frequency;Voltage control},
doi={10.1109/28.297921},
ISSN={0093-9994},}

@ARTICLE{Holtz2010,
author={Holtz, J. and Oikonomou, N.},
journal={IEEE Trans. Ind. Appl.}, title={Optimal Control of a Dual Three-Level Inverter System for Medium-Voltage Drives},
year={2010},
month={May-June},
volume={46},
number={3},
pages={1034-1041},
keywords={PWM inverters;dual three-level inverter system;frequency 100 Hz;medium-voltage drives;optimal control;parallel connection;power capability;power semiconductor devices;pulsewidth modulated inverters;three-level neutral-point-clamped inverter topology;two series-connected devices;PWM invertors;drives;invertors;machine control;optimal control;},
doi={10.1109/TIA.2010.2046291},
ISSN={0093-9994},}

@ARTICLE{Oikonomou2008,
author={Oikonomou, N. and Holtz, J.},
journal={IEEE Trans. Ind. Appl.}, title={Closed-Loop Control of Medium-Voltage Drives Operated With Synchronous Optimal Pulsewidth Modulation},
year={2008},
month={Jan.-Feb.},
volume={44},
number={1},
pages={115-123},
keywords={closed-loop control;dynamic losses;inverter topology;medium-voltage drives;power semiconductor devices;stator flux linkage vector;steady-state conditions;switching frequency;synchronous optimal pulsewidth modulation;target trajectory;torque control;closed loop systems;electric drives;power semiconductor devices;pulse width modulation;torque control;},
doi={10.1109/TIA.2007.912735},
ISSN={0093-9994},}

@ARTICLE{Rathore2010,
author={Rathore, A. K. and Holtz, J. and Boller, T.},
journal={IEEE Trans. Ind. Electron.}, title={Synchronous Optimal Pulsewidth Modulation for Low-Switching-Frequency Control of Medium-Voltage Multilevel Inverters},
year={2010},
month={July},
volume={57},
number={7},
pages={2374-2381},
keywords={PWM generation;dc-link voltage;low-switching-frequency control;medium-voltage induction motor drives;medium-voltage multilevel inverters;power semiconductor devices;switching losses;synchronous optimal PWM control;synchronous optimal pulsewidth modulation;total harmonic distortion;PWM invertors;frequency control;harmonic distortion;induction motor drives;machine control;optimal control;power semiconductor devices;switching;},
doi={10.1109/TIE.2010.2047824},
ISSN={0278-0046},}

@ARTICLE{Dahidah2010,
author={Dahidah, M. S. A. and Konstantinou, G. and Flourentzou, N. and Agelidis, V. G.},
journal={IET Power Electronics}, title={On comparing the symmetrical and non-symmetrical selective harmonic elimination pulse-width modulation technique for two-level three-phase voltage source converters},
year={2010},
month={Nov.},
volume={3},
number={6},
pages={829-842},
keywords={computational time;converter performance;eliminated harmonics;harmonic phasing;harmonic spectrum profile;nonsymmetrical selective harmonic elimination pulse-width modulation technique;power electronic converter;solution space limitations;switching transitions;two-level three-phase voltage source converters;PWM power convertors;harmonics suppression;power system harmonics;},
doi={10.1049/iet-pel.2009.0306},
ISSN={1755-4535},}

@ARTICLE{Filho2011,
author={Filho, F. and Tolbert, L. M. and Yue Cao and Ozpineci, B.},
journal={IEEE Trans. Ind. Appl.}, title={Real-Time Selective Harmonic Minimization for Multilevel Inverters Connected to Solar Panels Using Artificial Neural Network Angle Generation},
year={2011},
month={Sept.-Oct.},
volume={47},
number={5},
pages={2117-2124},
keywords={artificial neural network angle generation;dc input sources;full-bridge cascade inverter;multilevel inverters;nondeterministic method;power 195 W;real-time selective harmonic minimization;selective harmonic elimination problem;solar panels;switching angles;harmonics suppression;invertors;minimisation;neural nets;power conversion harmonics;power engineering computing;solar cells;switching convertors;},
doi={10.1109/TIA.2011.2161533},
ISSN={0093-9994},}

@ARTICLE{YuLiu2009_1,
author={Yu Liu and Hoon Hong and Huang, A. Q.},
journal={IEEE Trans. Ind. Electron.}, title={Real-Time Calculation of Switching Angles Minimizing THD for Multilevel Inverters With Step Modulation},
year={2009},
month={Feb.},
volume={56},
number={2},
pages={285-293},
keywords={digital signal processor;lookup tables;multilevel inverters;optimal switching angles;pulsewidth modulation;step modulation;total harmonic distortion;PWM invertors;digital signal processing chips;harmonic distortion;harmonics suppression;switching convertors;},
doi={10.1109/TIE.2008.918461},
ISSN={0278-0046},}

@ARTICLE{YuLiu2009_2,
author={Yu Liu and Hoon Hong and Huang, A. Q.},
journal={IEEE Trans. Ind. Electron.}, title={Real-Time Algorithm for Minimizing THD in Multilevel Inverters With Unequal or Varying Voltage Steps Under Staircase Modulation},
year={2009},
month={June},
volume={56},
number={6},
pages={2249-2258},
keywords={THD elimination;computational complexity;low-switching frequency;multilevel inverter;real-time algorithm;staircase modulation;total harmonic distortion;harmonic distortion;invertors;modulation;power conversion harmonics;switching convertors;},
doi={10.1109/TIE.2009.2015360},
ISSN={0278-0046},}

@ARTICLE{Watson2007,
author={Watson, A. J. and Wheeler, P. W. and Clare, J. C.},
journal={IEEE Trans. Ind. Electron.}, title={A Complete Harmonic Elimination Approach to DC Link Voltage Balancing for a Cascaded Multilevel Rectifier},
year={2007},
month={Dec.},
volume={54},
number={6},
pages={2946-2953},
keywords={DC link capacitor voltage magnitude;DC link voltage balancing;cascaded H-Bridge multilevel rectifier;complete harmonic elimination approach;converter cells;multilevel active rectifier;selective-harmonic-elimination pulsewidth-modulation scheme;single-phase CHB rectifier;PWM power convertors;PWM rectifiers;harmonics suppression;power conversion harmonics;},
doi={10.1109/TIE.2007.906993},
ISSN={0278-0046},}

@ARTICLE{Pulikanti2011_1,
author={Pulikanti, S. R. and Dahidah, M. S. A. and Agelidis, V. G.},
journal={IEEE Trans. Power Del.}, title={Voltage Balancing Control of Three-Level Active NPC Converter Using SHE-PWM},
year={2011},
month={Jan.},
volume={26},
number={1},
pages={258-267},
keywords={SHE-PWM;active neutral point clamped converter;dc link capacitor;neutral point voltage control;selective harmonic elimination pulsewidth modulation;three-level active NPC converter;voltage balancing control;zero level switching;PWM power convertors;harmonics suppression;power capacitors;voltage control;zero voltage switching;},
doi={10.1109/TPWRD.2010.2063718},
ISSN={0885-8977},}

@ARTICLE{Pulikanti2011_2,
author={Pulikanti, S. R. and Agelidis, V. G.},
journal={IEEE Trans. Ind. Electron.}, title={Hybrid Flying-Capacitor-Based Active-Neutral-Point-Clamped Five-Level Converter Operated With SHE-PWM},
year={2011},
month={Oct.},
volume={58},
number={10},
pages={4643-4653},
keywords={SHE-PWM;active-neutral-point-clamped five-level converter;dc-link capacitors;electromagnetic transients;hybrid flying-capacitor;line-to-neutral voltage;power factor correction mode;power system computer aided design;reference voltage levels;selective harmonic elimination pulsewidth modulation;static synchronous compensator;voltage regulation;PWM power convertors;harmonics suppression;power capacitors;power conversion harmonics;static VAr compensators;voltage control;},
doi={10.1109/TIE.2011.2106098},
ISSN={0278-0046},}

@ARTICLE{Ahmadi2011,
author={Ahmadi, D. and Ke Zou and Cong Li and Yi Huang and Jin Wang},
journal={IEEE Trans. Power Electron.}, title={A Universal Selective Harmonic Elimination Method for High-Power Inverters},
year={2011},
month={Oct.},
volume={26},
number={10},
pages={2743-2752},
keywords={complex equation;equal area criteria based four equation method;high power inverters;low modulation index;multilevel inverter;multiple switching angles;multiple variable high order nonlinear equations;optimal pulse width modulation;switching frequency;universal selective harmonic elimination method;PWM invertors;harmonics suppression;iterative methods;power supply quality;},
doi={10.1109/TPEL.2011.2116042},
ISSN={0885-8993},}

@ARTICLE{Dahidah2008,
author={Dahidah, M. S. A. and Agelidis, V. G.},
journal={IEEE Trans. Power Electron.}, title={Selective Harmonic Elimination PWM Control for Cascaded Multilevel Voltage Source Converters: A Generalized Formula},
year={2008},
month={July},
volume={23},
number={4},
pages={1620-1630},
keywords={cascaded multilevel voltage source converters;conventional stepped waveform technique;degrees of freedom;equal DC sources;hybrid real coded genetic algorithm;nonequal dc sources;nonlinear equation system;pulse-width modulation control;selective harmonic elimination PWM control;PWM power convertors;genetic algorithms;harmonic analysis;machine control;nonlinear equations;waveform analysis;},
doi={10.1109/TPEL.2008.925179},
ISSN={0885-8993},}

@ARTICLE{Flourentzou2012,
author={Flourentzou, N. and Agelidis, V. G.},
journal={IEEE Trans. Power Del.}, title={Multimodule HVDC System Using SHE-PWM With DC Capacitor Voltage Equalization},
year={2012},
month={Jan.},
volume={27},
number={1},
pages={79-86},
keywords={DC capacitor voltage equalization;PSCAD-EMTDC;line-to-line voltage spectra;multilevel SHE-PWM waveform;multilevel waveform;multimodule HVDC system;multimodule converter-based high-voltage DC power transmission;selective harmonic elimination pulsewidth-modulation technique;series-connected DC capacitors;three-phase bipolar VSC modules;time-domain waveforms;voltage-balancing technique;voltage-source converters;HVDC power convertors;HVDC power transmission;PWM power convertors;power capacitors;},
doi={10.1109/TPWRD.2011.2167989},
ISSN={0885-8977},}

@ARTICLE{Ilves2012,
author={Ilves, K. and Antonopoulos, A. and Norrga, S. and Nee, H. -P.},
journal={IEEE Trans. Power Electron.}, title={A New Modulation Method for the Modular Multilevel Converter Allowing Fundamental Switching Frequency},
year={2012},
month={Aug.},
volume={27},
number={8},
pages={3482-3494},
keywords={ac-side voltage;feedback control;fundamental switching frequency;harmonic elimination methods;modular multilevel converter;pulse pattern;harmonics suppression;modulation;switching convertors;},
doi={10.1109/TPEL.2012.2185832},
ISSN={0885-8993},}

@ARTICLE{Fei2010,
author={Wanmin Fei and Xiaoli Du and Bin Wu},
journal={IEEE Trans. Ind. Electron.}, title={A Generalized Half-Wave Symmetry SHE-PWM Formulation for Multilevel Voltage Inverters},
year={2010},
month={Sept.},
volume={57},
number={9},
pages={3030-3038},
keywords={five-level inverter;half-cycle symmetry SHE-PWM;half-wave symmetry selective-harmonic-elimination pulse width-modulation;multilevel voltage inverters;phase angle;reference modulation index;PWM invertors;harmonics suppression;},
doi={10.1109/TIE.2009.2037647},
ISSN={0278-0046},}

@ARTICLE{Pontt2004,
author={Pontt, J. and Rodriguez, J. and Huerta, R.},
journal={IEEE Trans. Power Electron.}, title={Mitigation of noneliminated harmonics of SHEPWM three-level multipulse three-phase active front end converters with low switching frequency for meeting standard IEEE-519-92},
year={2004},
month={Nov.},
volume={19},
number={6},
pages={1594-1600},
keywords={ PWM three-level multipulse three-phase active front end converter; decentralized energy distribution; four-quadrant unity-power factor operation; harmonic distortion; harmonic filter; low switching frequency; noneliminated harmonics; optimization strategy; power conversion systems; selective harmonic elimination modulation method; standard IEEE-519-92; IEEE standards; PWM power convertors; harmonic distortion; harmonics suppression; optimisation; power factor; switching convertors;},
doi={10.1109/TPEL.2004.836616},
ISSN={0885-8993},}

@ARTICLE{Franquelo2007,
author={Franquelo, L. G. and Napoles, J. and Portillo, R. and Leon, J. I. and Aguirre, M. A.},
journal={IEEE Trans. Ind. Electron.}, title={A Flexible Selective Harmonic Mitigation Technique to Meet Grid Codes in Three-Level PWM Converters},
year={2007},
month={Dec.},
volume={54},
number={6},
pages={3022-3029},
keywords={apparent power 150 kVA;grid codes;grid connection tuned filters;harmonic control;harmonic mitigation technique;power systems;random-search heuristic algorithm;switching three-level pulsewidth-modulation pattern;three-level PWM converters;three-level diode-clamped converter;total harmonic distortion;PWM power convertors;power grids;power harmonic filters;switching convertors;},
doi={10.1109/TIE.2007.907045},
ISSN={0278-0046},}

@ARTICLE{Napoles2010,
author={Napoles, J. and Leon, J. I. and Portillo, R. and Franquelo, L. G. and Aguirre, M. A.},
journal={IEEE Trans. Ind. Electron.}, title={Selective Harmonic Mitigation Technique for High-Power Converters},
year={2010},
month={July },
volume={57},
number={7},
pages={2315-2323},
keywords={SHMPWM technique;bulky passive filtering systems;distorted output waveforms;frequency 350 Hz;grid codes;high-power applications;high-power converters;maximum switching frequency;pulsewidth modulation techniques;selective harmonic mitigation technique;thermal losses;three-level neutral-point-clamped converter;PWM power convertors;passive filters;power grids;switching;},
doi={10.1109/TIE.2009.2026759},
ISSN={0278-0046},}

@ARTICLE{Napoles2012,
author={Napoles, J. and Watson, A. J. and Padilla, J. J. and Leon, J. I. and Franquelo, L. G. and Wheeler, P. W. and Agirre, M. A.},
journal={IEEE Trans. Ind. Electron.}, title={Selective Harmonic Mitigation Technique for Cascaded H-Bridge Converters with Non-Equal DC Link Voltages},
year={2012},
month={May},
volume={60},
number={5},
pages={1963-1971},
keywords={},
doi={10.1109/TIE.2012.2192896},
ISSN={0278-0046},}

@INPROCEEDINGS{Kouro2009,
author={Kouro, S. and La Rocca, B. and Cortes, P. and Alepuz, S. and Bin Wu and Rodriguez, J.},
booktitle={IEEE Energy Conversion Congress and Exposition (ECCE 2009)}, title={Predictive control based selective harmonic elimination with low switching frequency for multilevel converters},
year={2009},
month={Sept.},
volume={},
number={},
pages={3130-3136},
keywords={interpolation tables;low switching frequency modulation technique;multilevel power converters;off-line calculations;predictive control;selective harmonic elimination;sliding discrete Fourier transform;discrete Fourier transforms;interpolation;power convertors;predictive control;},
doi={10.1109/ECCE.2009.5316041},
ISSN={},}

@INPROCEEDINGS{Aggrawal2011,
author={Aggrawal, H. and Leon, J. I. and Franquelo, L. G. and Kouro, S. and Garg, P. and Rodriguez, J.},
booktitle={37th Annual Conference on IEEE Industrial Electronics Society (IECON)}, title={Model predictive control based selective harmonic mitigation technique for multilevel cascaded H-bridge converters},
year={2011},
month={Nov.},
volume={},
number={},
pages={4427-4432},
keywords={MPC strategy;SHM technique;harmonic distortion reduction;low order harmonic elimination;model predictive control;multilevel cascaded H-bridge converters;online SHE technique;power losses;pre-programmed voltage waveform generation;selective harmonic mitigation technique;switching frequency;harmonic distortion;harmonics suppression;power conversion harmonics;predictive control;},
doi={10.1109/IECON.2011.6120037},
ISSN={1553-572X},}

@INPROCEEDINGS{McGrath2000,
author={McGrath, B. P. and Holmes, D. G.},
booktitle={IEEE 31st Annual Power Electronics Specialists Conference (PESC)}, title={A comparison of multicarrier PWM strategies for cascaded and neutral point clamped multilevel inverters},
year={2000},
month={},
volume={2},
number={},
pages={674-679},
keywords={alternative phase opposition disposition PWM strategy;carrier frequencies;cascaded multilevel inverters;harmonic performance improvement;multicarrier PWM strategies comparison;neutral point clamped multilevel inverters;phase disposition PWM strategy;phase shifted carrier PWM strategy;spectral component;switch transitions;DC-AC power convertors;PWM invertors;harmonic distortion;harmonics suppression;power conversion harmonics;switching circuits;},
doi={10.1109/PESC.2000.879898},
ISSN={0275-9306},}

@ARTICLE{Carrara1992,
author={Carrara, G. and Gardella, S. and Marchesoni, M. and Salutari, R. and Sciutto, G.},
journal={IEEE Trans. Power Electron.}, title={A new multilevel PWM method: a theoretical analysis},
year={1992},
month={July},
volume={7},
number={3},
pages={497-505},
keywords={3-phase multilevel voltage source invertors;Bennet's method;harmonic spectrum;invertor control;multilevel PWM method;single-phase invertors;invertors;pulse width modulation;},
doi={10.1109/63.145137},
ISSN={0885-8993},}

@ARTICLE{Silva2011,
author={da Silva, E. R. C. and Cipriano dos Santos, E. and Jacobina, C. B.},
journal={IEEE Ind. Electron. Mag.}, title={Pulsewidth Modulation Strategies},
year={2011},
month={June},
volume={5},
number={2},
pages={37-45},
keywords={SVPWM;Z-source converter;nonsinusoidal CPWM;pulsewidth modulation strategies;three-level NPC inverter;zero-sequence signal;PWM invertors;PWM power convertors;},
doi={10.1109/MIE.2011.941120},
ISSN={1932-4529},}

@ARTICLE{McGrath2011,
author={McGrath, B. P. and Holmes, D. G.},
journal={IEEE Trans. Power Electron.}, title={Enhanced Voltage Balancing of a Flying Capacitor Multilevel Converter Using Phase Disposition (PD) Modulation},
year={2011},
month={July},
volume={26},
number={7},
pages={1933-1942},
keywords={PWM converter;balance booster filter network connection;differential-mode sideband harmonics;optimal phase disposition pulsewidth modulation strategy;spectral energy;three-phase flying capacitor multilevel converter;voltage-balancing process;DC-DC power convertors;PWM power convertors;capacitors;power filters;},
doi={10.1109/TPEL.2010.2097279},
ISSN={0885-8993},}

@ARTICLE{McGrath2007,
author={McGrath, B. P. and Meynard, T. and Gateau, G. and Holmes, D. G.},
journal={IEEE Trans. Power Electron.}, title={Optimal Modulation of Flying Capacitor and Stacked Multicell Converters Using a State Machine Decoder},
year={2007},
month={March},
volume={22},
number={2},
pages={508-516},
keywords={cell switching utilization;cell voltage balancing;centered space vector pulsewidth modulation;finite state machine;flying capacitor;optical phase deposition strategy;optimal modulation;stacked multicell converters;state machine decoder;switching event distribution;voltage level selection;PWM power convertors;capacitors;finite state machines;invertors;switching convertors;},
doi={10.1109/TPEL.2006.889932},
ISSN={0885-8993},}

@INPROCEEDINGS{Angulo2007,
author={Angulo, M. and Lezana, P. and Kouro, S. and Rodriguez, J. and Bin Wu},
booktitle={IEEE Power Electronics Specialists Conference (PESC)}, title={Level-shifted PWM for Cascaded Multilevel Inverters with Even Power Distribution},
year={2007},
month={June},
volume={},
number={},
pages={2373-2378},
keywords={H-bridge multilevel inverters;cascaded multilevel inverters;converter power cells;even power distribution;harmonic distortion;level-shifted PWM;transformer;PWM inverters;power distribution;power transformers;},
doi={10.1109/PESC.2007.4342382},
ISSN={0275-9306},}

@ARTICLE{Kimball2011,
author={Kimball, J. W. and Zawodniok, M.},
journal={IEEE Trans. Power Electron.}, title={Reducing Common-Mode Voltage in Three-Phase Sine-Triangle PWM With Interleaved Carriers},
year={2011},
month={Aug.},
volume={26},
number={8},
pages={2229-2236},
keywords={Fourier analysis;RMS;common mode voltage reduction;current ripple;dc-dc converters;digital signal processor;harmonic injection;interleaved carriers;pulse width modulation;sine triangle PWM;switching frequency;three-phase motor drives;zero modulation;DC-DC power convertors;Fourier analysis;PWM power convertors;digital signal processing chips;harmonic analysis;mean square error methods;motor drives;switching convertors;},
doi={10.1109/TPEL.2010.2092791},
ISSN={0885-8993},}

@ARTICLE{Pan2009,
author={Zhiguo Pan and Fang Zheng Peng},
journal={IEEE Trans. Ind. Appl.}, title={A Sinusoidal PWM Method With Voltage Balancing Capability for Diode-Clamped Five-Level Converters},
year={2009},
month={May-June},
volume={45},
number={3},
pages={1028-1034},
keywords={PWM rectifier;current regulation;diode-clamped five-level converter;pulsewidth modulation control method;sinusoidal PWM inverter;third harmonic offset injection;voltage balancing capability;PWM invertors;PWM power convertors;PWM rectifiers;electric current control;power conversion harmonics;},
doi={10.1109/TIA.2009.2018962},
ISSN={0093-9994},}

@ARTICLE{Sano2008,
author={Sano, K. and Fujita, H.},
journal={IEEE Trans. Ind. Appl.}, title={Voltage-Balancing Circuit Based on a Resonant Switched-Capacitor Converter for Multilevel Inverters},
year={2008},
month={Nov.-Dec.},
volume={44},
number={6},
pages={1768-1776},
keywords={diode-clamped five-level inverter;half-bridge inverters;multilevel inverters;phase-shift control;resonant capacitor;resonant inductor;resonant switched-capacitor converter;split dc voltages;voltage-balancing circuit;bridge circuits;capacitor switching;inductors;invertors;phase shifters;resonant power convertors;switching convertors;},
doi={10.1109/TIA.2008.2006291},
ISSN={0093-9994},}

@ARTICLE{Hasegawa2011,
author={Hasegawa, K. and Akagi, H.},
journal={IEEE Trans. Ind. Appl.}, title={A New DC-Voltage-Balancing Circuit Including a Single Coupled Inductor for a Five-Level Diode-Clamped PWM Inverter},
year={2011},
month={March-April},
volume={47},
number={2},
pages={841-852},
keywords={dc magnetic fluxes;dc mean voltages;dc-voltage-balancing circuit;five-level diode-clamped PWM inverter;galvanically isolated windings;inverter control;medium-voltage motor drive;noncoupled inductors;phase-shift control;power 5.5 kW;single coupled inductor;split dc capacitors;three-phase diode rectifier;unidirectional choppers;voltage 200 V;DC motor drives;PWM invertors;PWM rectifiers;machine control;phase control;},
doi={10.1109/TIA.2010.2102327},
ISSN={0093-9994},}

@ARTICLE{Hasegawa2012,
author={Hasegawa, K. and Akagi, H.},
journal={IEEE Trans. Power Electron.}, title={Low-Modulation-Index Operation of a Five-Level Diode-Clamped PWM Inverter With a DC-Voltage-Balancing Circuit for a Motor Drive},
year={2012},
month={Aug.},
volume={27},
number={8},
pages={3495-3504},
keywords={constant torque load;coupled inductor;dc voltage balancing circuit;diode clamped PWM inverter;drilling rigs;extruder;harmonic zero sequence voltage;insulated gate bipolar transistor;magnetic flux fluctuation mitigation;modulation index operation;motor drive;power control method;power conversion system;power loss;pulse diode rectifier;pulse width modulation;rubber mixer;DC motor drives;PWM invertors;PWM rectifiers;inductors;insulated gate bipolar transistors;load (electric);losses;magnetic flux;torque;},
doi={10.1109/TPEL.2012.2185068},
ISSN={0885-8993},}

@ARTICLE{Pulikanti2012,
author={Pulikanti, S. R. and Konstantinou, G. S. and Agelidis, V. G.},
journal={IET Power Electronics}, title={Generalisation of flying capacitor-based active-neutral-point-clamped multilevel converter using voltage-level modulation},
year={2012},
month={April},
volume={5},
number={4},
pages={456-466},
keywords={DC-link capacitor voltage behaviour;flying capacitor-based active-neutral-point-clamped multilevel converter;generalised n-level flying capacitor-based active-neutral-point-clamped voltage source converter;mathematical model;n-level line-to-neutral voltage waveform;phase-shifted carrier;pulse width modulation technique;single-phase seven-level FC-based ANPC converter prototype;three-level ANPC cell;three-phase converter;two-level cells;voltage-level modulation;PWM power convertors;capacitors;},
doi={10.1049/iet-pel.2010.0373},
ISSN={1755-4535},}

@ARTICLE{Pou2012,
author={Pou, J. and Zaragoza, J. and Ceballos, S. and Saeedifard, M. and Boroyevich, D.},
journal={IEEE Trans. Power Electron.}, title={A Carrier-Based PWM Strategy With Zero-Sequence Voltage Injection for a Three-Level Neutral-Point-Clamped Converter},
year={2012},
month={Feb.},
volume={27},
number={2},
pages={642-651},
keywords={MATLAB-SIMULINK simulation;NP voltage oscillations;carrier-based PWM strategy;computational processing time;dc-link capacitors;low-frequency voltage oscillations;modulation-reference signal;nearest three-vector space vector modulation;sinusoidal-modulation reference;switching losses;three-level neutral-point-clamped converter;voltage-balancing task;zero-sequence voltage injection;PWM power convertors;switching convertors;},
doi={10.1109/TPEL.2010.2050783},
ISSN={0885-8993},}

@ARTICLE{Zaragoza2009,
author={Zaragoza, J. and Pou, J. and Ceballos, S. and Robles, E. and Jaen, C. and Corbalan, M.},
journal={IEEE Trans. Ind. Electron.}, title={Voltage-Balance Compensator for a Carrier-Based Modulation in the Neutral-Point-Clamped Converter},
year={2009},
month={Feb.},
volume={56},
number={2},
pages={305-314},
keywords={carrier-based modulation;double-signal pulsewidth modulation;feedback compensation signal control;low-frequency oscillation elimination;neutral-point-clamped converter;optimal voltage-balance compensator;power device;PWM power convertors;compensation;feedback;},
doi={10.1109/TIE.2008.2009195},
ISSN={0278-0046},}

@ARTICLE{Grigoletto2011,
author={Grigoletto, F. B. and Pinheiro, H.},
journal={IET Power Electronics}, title={Generalised pulse width modulation approach for DC capacitor voltage balancing in diode-clamped multilevel converters},
year={2011},
month={Jan.},
volume={4},
number={1},
pages={89-100},
keywords={DC capacitor voltage balancing;dc voltage control;diode-clamped multilevel converters;pulse width modulation;PWM power convertors;power capacitors;voltage control;},
doi={10.1049/iet-pel.2009.0214},
ISSN={1755-4535},}

@ARTICLE{Pou2007,
author={Pou, J. and Zaragoza, J. and Rodriguez, P. and Ceballos, S. and Sala, V. M. and Burgos, R. P. and Boroyevich, D.},
journal={IEEE Trans. Ind. Electron.}, title={Fast-Processing Modulation Strategy for the Neutral-Point-Clamped Converter With Total Elimination of Low-Frequency Voltage Oscillations in the Neutral Point},
year={2007},
month={Aug.},
volume={54},
number={4},
pages={2288-2294},
keywords={carrier-based pulsewidth modulation;dc-link capacitors;linear modulation;low-frequency voltage oscillation elimination;neutral-point-clamped converter;space-vector modulation;voltages balancing strategy;PWM power convertors;voltage control;},
doi={10.1109/TIE.2007.894788},
ISSN={0278-0046},}

@INPROCEEDINGS{Alvarenga2011,
author={de Alvarenga, M. B. and Pomilio, J. A.},
booktitle={IEEE International Symposium on Industrial Electronics (ISIE)}, title={Modulation strategy for minimizing commutations and capacitor voltage balancing in symmetrical cascaded multilevel converters},
year={2011},
month={June},
volume={},
number={},
pages={1875-1880},
keywords={active power;capacitor voltage balancing;commutation minimization;medium voltage distribution system;modulation strategy;power quality application;reliability;symmetrical cascade multilevel inverter;symmetrical cascaded multilevel converter;capacitors;commutation;invertors;modulation;power convertors;power supply quality;reliability;voltage distribution;},
doi={10.1109/ISIE.2011.5984443},
ISSN={Pending},}

@ARTICLE{Leon2008,
author={Leon, J. I. and Portillo, R. and Vazquez, S. and Padilla, J. J. and Franquelo, L. G. and Carrasco, J. M.},
journal={IEEE Trans. Ind. Electron.}, title={Simple Unified Approach to Develop a Time-Domain Modulation Strategy for Single-Phase Multilevel Converters},
year={2008},
month={Sept.},
volume={55},
number={9},
pages={3239-3248},
keywords={1DM;multilevel converter topology;redundant switching states;single-phase multilevel converters;time-domain duty-cycle computation technique;time-domain modulation strategy;voltage balance strategy;voltage capacitor control;machine control;power convertors;voltage control;},
doi={10.1109/TIE.2008.928141},
ISSN={0278-0046},}

@INPROCEEDINGS{Leon2010,
author={Leon, J. I. and Vazquez, S. and Portillo, R. and Franquelo, L. G. and Dominguez, E.},
booktitle={IEEE International Conference on Industrial Technology (ICIT)}, title={Two-dimensional modulation technique with dc voltage control for single-phase two-cell cascaded converters},
year={2010},
month={March},
volume={},
number={},
pages={1365-1370},
keywords={DC voltage control;cascaded H-bridge converter;feed-forward modulation technique;harmonic distortion;power converter;single-phase two-cell cascaded converters;switching converter;synchronous rectifier;PWM power convertors;feedforward;harmonic distortion;switching convertors;voltage control;},
doi={10.1109/ICIT.2010.5472513},
ISSN={},}

@ARTICLE{Leon2011,
author={Leon, J. I. and Kouro, S. and Vazquez, S. and Portillo, R. and Franquelo, L. G. and Carrasco, J. M. and Rodriguez, J.},
journal={IEEE Trans. Ind. Electron.}, title={Multidimensional Modulation Technique for Cascaded Multilevel Converters},
year={2011},
month={Feb.},
volume={58},
number={2},
pages={412-420},
keywords={H-bridge converters;cascaded multilevel converters;feedforward version;harmonic distortion;multidimensional control region;multidimensional modulation technique;switching sequence;PWM power convertors;feedforward;harmonic distortion;},
doi={10.1109/TIE.2010.2048833},
ISSN={0278-0046},}

@ARTICLE{Lopez2008,
author={Lopez, O. and Alvarez, J. and Doval-Gandoy, J. and Freijedo, F. D.},
journal={IEEE Trans. Ind. Electron.}, title={Multilevel Multiphase Space Vector PWM Algorithm},
year={2008},
month={May},
volume={55},
number={5},
pages={1933-1942},
keywords={multilevel multiphase space vector PWM algorithm;multilevel multiphase voltage source converters;multiphase converter;space vector pulsewidth modulation;PWM invertors;PWM power convertors;},
doi={10.1109/TIE.2008.918466},
ISSN={0278-0046},}

@ARTICLE{Kelly2003,
author={Kelly, J. W. and Strangas, E. G. and Miller, J. M.},
journal={IEEE Trans. Energy Convers.},
title={Multiphase space vector pulse width modulation},
year={2003},
month={June},
volume={18},
number={2},
pages={259-264},
keywords={DC-AC power convertors;PWM invertors;asynchronous machines;machine windings;power supplies to apparatus;DC bus utilization;multileg multiphase inverter;multiphase space vector pulse width modulation;n-phase space vector pulse width modulation;nine phase sine-triangle PWM;pole-phase modulation;pole-phase ratio;Equivalent circuits;Induction machines;Induction motors;Power system reliability;Pulse width modulation inverters;Space vector pulse width modulation;Stator windings;Switches;Voltage;Wounds},
doi={10.1109/TEC.2003.811725},
ISSN={0885-8969},}

@ARTICLE{Ryu2005,
author={Hyung-Min Ryu and Jang-Hwan Kim and Seung-Ki Sul},
journal={IEEE Trans. Power Electron.},
title={Analysis of multiphase space vector pulse-width modulation based on multiple d-q spaces concept},
year={2005},
month={Nov.},
volume={20},
number={6},
pages={1364-1371},
keywords={PWM invertors;electric motors;machine windings;torque;SVPWM;airgap flux density distribution;concentrated winding;five-phase inverter;multiphase motors;multiphase space vector pulse-width modulation;multiple d-q spaces concept;nonsinusoidal phase voltage;sinusoidal phase voltage;torque per ampere;Air gaps;Functional analysis;Permanent magnet motors;Pulse modulation;Pulse width modulation inverters;Space stations;Space vector pulse width modulation;Synchronous motors;Torque;Zero voltage switching;Multiphase motors;multiphase space vector pulse-width modulation (SVPWM);multiple;nonsinusoidal voltage},
doi={10.1109/TPEL.2005.857551},
ISSN={0885-8993},}

@INPROCEEDINGS{Grandi2006,
author={Grandi, G. and Serra, G. and Tani, A},
booktitle={12th International Power Electronics and Motion Control Conference (EPE-PEMC)},
title={General Analysis of Multi-Phase Systems Based on Space Vector Approach},
year={2006},
month={Aug.},
pages={834-840},
keywords={AC machines;Circuits;Frequency;Functional analysis;Inverters;Modems;Motor drives;Power electronics;Rotors;Torque},
doi={10.1109/EPEPEMC.2006.4778503},}

@ARTICLE{Lopez2009,
author={Lopez, O. and Alvarez, J. and Doval-Gandoy, J. and Freijedo, F. D.},
journal={IEEE Trans. Ind. Electron.}, title={Multilevel Multiphase Space Vector PWM Algorithm With Switching State Redundancy},
year={2009},
month={March},
volume={56},
number={3},
pages={792-804},
keywords={computational complexity;field-programmable gate array;five-level five-phase inverter fed motor;multilevel converters;multilevel multiphase space vector PWM algorithm;multiphase machines;space vector pulse width modulation;switching state redundancy;voltage source converters;AC motors;PWM invertors;PWM power convertors;field programmable gate arrays;redundancy;switching convertors;},
doi={10.1109/TIE.2008.2004390},
ISSN={0278-0046},}

@ARTICLE{Lu2010,
author={Shuai Lu and Mariethoz, S. and Corzine, K. A.},
journal={IEEE Trans. Ind. Electron.}, title={Asymmetrical Cascade Multilevel Converters With Noninteger or Dynamically Changing DC Voltage Ratios: Concepts and Modulation Techniques},
year={2010},
month={July},
volume={57},
number={7},
pages={2411-2418},
keywords={PWM modulation;asymmetrical cascade multilevel converters;dynamically changing DC voltage;modulation techniques;multilevel converters;noninteger changing DC voltage;yield space vectors;PWM power convertors;},
doi={10.1109/TIE.2010.2041734},
ISSN={0278-0046},}

@ARTICLE{Pou2002,
author={Pou, J. and Boroyevich, D. and Pindado, R.},
journal={IEEE Trans. Ind. Electron.}, title={New feedforward space-vector PWM method to obtain balanced AC output voltages in a three-level neutral-point-clamped converter},
year={2002},
month={Oct.},
volume={49},
number={5},
pages={1026-1034},
keywords={ DC-link capacitors; balanced AC output voltages; feedforward space-vector-PWM method; low-frequency distortion; low-frequency output voltage distortion; low-frequency ripple; modulation method; neutral-point potential; operating conditions; space-vector diagram; three-level inverter; three-level neutral-point-clamped converter; PWM invertors; feedforward;},
doi={10.1109/TIE.2002.803207},
ISSN={0278-0046},}

@ARTICLE{LeonFF2009_1,
author={Leon, J. I. and Vazquez, S. and Watson, A. J. and Franquelo, L. G. and Wheeler, P. W. and Carrasco, J. M.},
journal={IEEE Trans. Ind. Electron.}, title={Feed-Forward Space Vector Modulation for Single-Phase Multilevel Cascaded Converters With Any DC Voltage Ratio},
year={2009},
month={Feb.},
volume={56},
number={2},
pages={315-325},
keywords={DC voltage ratio;H-bridges;apparent power 5 kVA;feed-forward space vector modulation;multilevel cascaded converters;power converter;voltage unbalance conditions;modulation;power convertors;voltage control;},
doi={10.1109/TIE.2008.926777},
ISSN={0278-0046},}

@ARTICLE{LeonFF2009_2,
author={Leon, J. I. and Vazquez, S. and Portillo, R. and Franquelo, L. G. and Carrasco, J. M. and Wheeler, P. W. and Watson, A. J.},
journal={IEEE Trans. Ind. Electron.}, title={Three-Dimensional Feedforward Space Vector Modulation Applied to Multilevel Diode-Clamped Converters},
year={2009},
month={Jan.},
volume={56},
number={1},
pages={101-109},
keywords={DC capacitor voltage unbalance;gamma component;multilevel diode-clamped converter;three-dimensional feedforward space vector modulation;voltage distortion;PWM power convertors;},
doi={10.1109/TIE.2008.928110},
ISSN={0278-0046},}

@ARTICLE{LeonFF2010,
author={Leon, J. I. and Lopez, O. and Franquelo, L. G. and Doval-Gandoy, J. and Vazquez, S. and Alvarez, J. and Freijedo, F. D.},
journal={IEEE Trans. Ind. Electron.}, title={Multilevel Multiphase Feedforward Space-Vector Modulation Technique},
year={2010},
month={June},
volume={57},
number={6},
pages={2066-2075},
keywords={dc voltage unbalance;industrial applications;multilevel multiphase feedforward space-vector modulation technique;multilevel-converter topology;unbalanced dc conditions;feedforward;network topology;oscillators;power convertors;},
doi={10.1109/TIE.2009.2034171},
ISSN={0278-0046},}

@ARTICLE{Kouro2008,
author={Kouro, S. and Lezana, P. and Angulo, M. and Rodriguez, J.},
journal={IEEE Trans. Power Electron.}, title={Multicarrier PWM With DC-Link Ripple Feedforward Compensation for Multilevel Inverters},
year={2008},
month={Jan.},
volume={23},
number={1},
pages={52-59},
keywords={DC-link ripple feedforward compensation;carrier-based modulation techniques;load current;low order harmonics elimination;multicarrier PWM inverters;multilevel inverters;nonlinear waveform synthesis;PWM invertors;harmonics suppression;},
doi={10.1109/TPEL.2007.911834},
ISSN={0885-8993},}

@ARTICLE{Celanovic2001,
author={Celanovic, N. and Boroyevich, D.},
journal={IEEE Trans. Ind. Appl.}, title={A fast space-vector modulation algorithm for multilevel three-phase converters},
year={2001},
month={March/April},
volume={37},
number={2},
pages={637-641},
keywords={PWM;computational efficiency;digital control;fast space-vector modulation algorithm;multilevel converter operation;multilevel three-phase converters;PWM power convertors;digital control;power engineering computing;voltage control;},
doi={10.1109/28.913731},
ISSN={0093-9994},}

@ARTICLE{Leon2010J,
author={Leon, J. I. and Vazquez, S. and Sanchez, J. A. and Portillo, R. and Franquelo, L. G. and Carrasco, J. M. and Dominguez, E.},
journal={IEEE Trans. Ind. Electron.}, title={Conventional Space-Vector Modulation Techniques Versus the Single-Phase Modulator for Multilevel Converters},
year={2010},
month={July},
volume={57},
number={7},
pages={2473-2482},
keywords={PWM converters;SVM techniques;multilevel multiphase converters;power converters;single-phase multilevel modulators;space-vector modulation techniques;PWM power convertors;modulation;},
doi={10.1109/TIE.2009.2034674},
ISSN={0278-0046},}

@ARTICLE{Wang2002,
author={Fei Wang},
journal={IEEE Trans. Ind. Appl.},
title={Sine-triangle versus space-vector modulation for three-level PWM voltage-source inverters},
year={2002},
month={March},
volume={38},
number={2},
pages={500-506},
keywords={DC-AC power convertors;PWM invertors;modulation;switching circuits;VSI;common-mode injections;dwell times;equivalent redundant switching states;sine-triangle modulation;space-vector modulation;three-level PWM voltage-source inverters;three-level modulator;Industry Applications Society;Medium voltage;Motor drives;Pulse inverters;Pulse width modulation converters;Pulse width modulation inverters;Space vector pulse width modulation;Stress;Switches;Switching frequency},
doi={10.1109/28.993172},
ISSN={0093-9994},}

@INPROCEEDINGS{Holmes1992,
author={Holmes, D. G.},
booktitle={Conference Record of the 1992 IEEE Industry Applications Society Annual Meeting},
title={The general relationship between regular-sampled pulse-width-modulation and space vector modulation for hard switched converters},
year={1992},
month={Oct.},
pages={1002-1009 vol.1},
keywords={matrix algebra;power convertors;pulse width modulation;AC-AC matrix converter;current source inverters;hard switched converters;harmonics;mathematical relationship;online control system;pulse width modulation;regular sampled PWM;space vector modulation;voltage source inverters;Matrix converters;Power generation;Pulse modulation;Pulse width modulation converters;Pulse width modulation inverters;Space vector pulse width modulation;Switches;Switching converters;Switching loss;Voltage},
doi={10.1109/IAS.1992.244437},}

@ARTICLE{Holmes1996,
author={Holmes, D. G.},
journal={IEEE Trans. Ind. Appl.},
title={The significance of zero space vector placement for carrier-based PWM schemes},
year={1996},
month={Sept.},
volume={32},
number={5},
pages={1122-1129},
keywords={PWM invertors;harmonic analysis;power electronics;power system harmonics;switching circuits;3-phase VSI;carrier-based PWM schemes;harmonic performance;low-frequency fundamental components;power electronics;reduced harmonic current ripple;regular sampled modulation;sine-triangle modulation;space vector modulation;voltage source inverter;zero space vector placement;Electricity supply industry;Industry Applications Society;Leg;Matrix converters;Pulse width modulation;Pulse width modulation inverters;Space vector pulse width modulation;Switches;Topology;Voltage},
doi={10.1109/28.536874},
ISSN={0093-9994},}

@ARTICLE{Bowes1997,
author={Bowes, S. R. and Yen-Shin Lai},
journal={IEEE Trans. Ind. Electron.},
title={The relationship between space-vector modulation and regular-sampled PWM},
year={1997},
month={Oct.},
volume={44},
number={5},
pages={670-679},
keywords={PWM invertors;electric drives;microcomputer applications;power engineering computing;equal-null pulse times;inverter drives;linear modulation range;microprocessor implementation;regular-sampled PWM;regular-sampled sinusoidal modulating wave;space-vector modulation;zero-sequence component;Councils;Equations;Frequency modulation;Microprocessors;Pulse inverters;Pulse width modulation;Pulse width modulation inverters;Sampling methods;Space vector pulse width modulation;Voltage},
doi={10.1109/41.633469},
ISSN={0278-0046},}

@ARTICLE{Yao2008,
author={Wenxi Yao and Haibing Hu and Zhengyu Lu},
journal={IEEE Trans. Power Electron.},
title={Comparisons of Space-Vector Modulation and Carrier-Based Modulation of Multilevel Inverter},
year={2008},
month={Jan.},
volume={23},
number={1},
pages={45-51},
keywords={PWM invertors;switching convertors;PWM inverter;carrier-based modulation;multilevel inverter;pulse-width modulation;space-vector modulation;Circuit testing;Hardware;Power system harmonics;Pulse inverters;Pulse width modulation;Pulse width modulation inverters;Software performance;Space vector pulse width modulation;Support vector machines;Voltage;Carrier-based pulse-width modulation (PWM);multilevel inverter;space vector modulation (SVM)},
doi={10.1109/TPEL.2007.911865},
ISSN={0885-8993},}

@ARTICLE{Hava1999,
author={Hava, A. M. and Kerkman, R. J. and Lipo, T. A.},
journal={IEEE Trans. Power Electron.}, title={Simple analytical and graphical methods for carrier-based PWM-VSI drives},
year={1999},
month={Jan.},
volume={14},
number={1},
pages={49-61},
keywords={analytical modelling;carrier-based PWM-VSI;carrier-based pulse width modulators;current ripple;educational tools;graphical methods;macroscopic behavior;microscopic behavior;modulation wave generation techniques;multivariable functions;switching losses;DC-AC power convertors;PWM invertors;harmonic distortion;power conversion harmonics;switching circuits;},
doi={10.1109/63.737592},
ISSN={0885-8993},}

@ARTICLE{Hava1998,
author={Hava, A. M. and Kerkman, R. J. and Lipo, T. A.},
journal={IEEE Trans. Power Electron.}, title={Carrier-based PWM-VSI overmodulation strategies: analysis, comparison, and design},
year={1998},
month={July},
volume={13},
number={4},
pages={674-689},
keywords={PWM VSI;blanking time;carrier-based overmodulation strategies;design;discontinuous PWM method;gain linearization technique;induction motor drive;minimum pulsewidth control;performance analysis;performance prediction;voltage-gain characteristics;voltage-source inverter;waveform quality;DC-AC power convertors;PWM invertors;harmonic distortion;linearisation techniques;power system harmonics;},
doi={10.1109/63.704136},
ISSN={0885-8993},}

@ARTICLE{Rodriguez2009,
author={Rodriguez, J. and Franquelo, L. G. and Kouro, S. and Leon, J. I. and Portillo, R. and Prats, M. M. and Perez, M. A.},
journal={Proc. IEEE},
title={Multilevel Converters: An Enabling Technology for High-Power Applications},
year={2009},
month={Nov.},
volume={97},
number={11},
pages={1786-1817},
keywords={power convertors;power supply quality;high-power electronics;industrial electronics;modulation methods;multilevel converters;power circuit topologies;power-conversion systems;power-quality;Books;Circuit topology;Educational technology;Electronics industry;Manufacturing industries;Power electronics;Power generation;Power harmonic filters;Power quality;Voltage;High-power applications;multilevel converters;power electronics;power quality},
doi={10.1109/JPROC.2009.2030235},
ISSN={0018-9219},}

@ARTICLE{Abu2010,
author={Abu-Rub, H. and Holtz, J. and Rodriguez, J. and Ge Baoming},
journal={IEEE Trans. Ind. Electron.},
title={Medium-Voltage Multilevel Converters: State of the Art, Challenges, and Requirements in Industrial Applications},
year={2010},
month={Aug.},
volume={57},
number={8},
pages={2581-2596},
keywords={PWM invertors;PWM power convertors;electric drives;harmonic distortion;power supply quality;switching convertors;MV drive;PWM inverter;dynamic device losses;five-level voltage waveforms;inverter configuration;low switching frequency operation;medium-voltage drives;medium-voltage multilevel converters;minimum harmonic distortion;neutral-point-clamped inverter;power quality;Dual multilevel inverter (MLI);low switching frequency;medium-voltage drives;multilevel inverters;neutral-point-clamped inverter;synchronous optimal PWM},
doi={10.1109/TIE.2010.2043039},
ISSN={0278-0046},}

@ARTICLE{Kouro2010,
author={Kouro, S. and Malinowski, M. and Gopakumar, K. and Pou, J. and Franquelo, L. G. and Bin Wu and Rodriguez, J. and Perez, M. A. and Leon, J. I.},
journal={IEEE Trans. Ind. Electron.}, title={Recent Advances and Industrial Applications of Multilevel Converters},
year={2010},
month={Aug.},
volume={57},
number={8},
pages={2553-2580},
keywords={industrial convertor;industrial sectors;modulation;multilevel converter technology;power convertors;},
doi={10.1109/TIE.2010.2049719},
ISSN={0278-0046},}

@ARTICLE{Perez2014,
author={Perez, M. A. and Bernet, S. and Rodriguez, J. and Kouro, S.},
journal={IEEE Trans. Power Electron.}, title={Circuit Topologies, Modelling, Control Schemes and Applications of Modular Multilevel Converters},
year={2015},
month={Jan.},
volume={4},
number={1},
pages={4-17},
keywords={industrial convertor;industrial sectors;modulation;multilevel converter technology;power convertors;},
doi={10.1109/TIE.2010.2049719},
ISSN={0278-0046},}

@INPROCEEDINGS{Lesnicar2003,
author={Lesnicar, A. and Marquardt, R.},
booktitle={IEEE Bologna Power Tech Conference Proceedings},
title={An innovative modular multilevel converter topology suitable for a wide power range},
year={2003},
month={June},
volume={3},
pages={1-6},
keywords={power convertors;topology;converter-control;high voltage applications;modular multilevel converter topology;network interties;power generation;power transmission;Capacitors;Costs;Dynamic voltage scaling;Network topology;Power electronics;Power generation;Power generation economics;Pulse width modulation inverters;Switches;Voltage control},
doi={10.1109/PTC.2003.1304403},}

@INPROCEEDINGS{Barbosa2005,
author={Barbosa, P. and Steimer, P. K. and Steinke, J. and Winkelnkemper, M. and Celanovic, N.},
booktitle={European Conference on Power Electronics and Applications (EPE)},
title={Active-neutral-point-clamped (ANPC) multilevel converter technology},
year={2005},
month={Sept.},
volume={},
pages={1-10},
keywords={power convertors;topology;converter-control;high voltage applications;modular multilevel converter topology;network interties;power generation;power transmission;Capacitors;Costs;Dynamic voltage scaling;Network topology;Power electronics;Power generation;Power generation economics;Pulse width modulation inverters;Switches;Voltage control},
doi={10.1109/PTC.2003.1304403},}

@ARTICLE{Holtz1977,
author={Holtz, J.},
journal={Siemens Forschungsund Entwicklungsberichte},
title={Selbstgeführte wechselrichter mit treppenförmiger ausgangsspannung für grose leistung und hohe frequenz},
year={1977},
month={},
volume={6},
number={3},
pages={164-171},
keywords={industrial convertor;industrial sectors;modulation;multilevel converter technology;power convertors;},
doi={10.1109/TIE.2010.2049719},
ISSN={0278-0046},}

@ARTICLE{Dixon2006,
author={Dixon, J. and Moran, L.},
journal={IEEE Trans. Power Electron.},
title={High-level multistep inverter optimization using a minimum number of power transistors},
year={2006},
month={March},
volume={21},
number={2},
pages={330-337},
keywords={industrial convertor;industrial sectors;modulation;multilevel converter technology;power convertors;},
doi={10.1109/TPEL.2005.869745},
ISSN={0885-8993},}

@ARTICLE{De2011,
author={De, S. and Banerjee, D. and Siva Kumar, K. and Gopakumar, K. and Ramchand, R. and Patel, C.},
journal={IET Power Electronics},
title={Multilevel inverters for low-power application},
year={2011},
month={April},
volume={4},
number={4},
pages={384-392},
keywords={invertors;motor drives;permanent magnet motors;power MOSFET;semiconductor diodes;switching convertors;uninterruptible power supplies;MOSFET;UPS systems;clamping diode;diode clamped multilevel inverter;permanent magnet motor drive;switching frequency;three-level neutral point clamped inverter},
doi={10.1049/iet-pel.2010.0027},
ISSN={1755-4535},}

@ARTICLE{Jukka2011,
author={Jukka Nurmi},
journal={ABB Review},
title={Efficiency with usability},
year={2011},
month={},
volume={},
number={3},
pages={13-17},
keywords={invertors;motor drives;permanent magnet motors;power MOSFET;semiconductor diodes;switching convertors;uninterruptible power supplies;MOSFET;UPS systems;clamping diode;diode clamped multilevel inverter;permanent magnet motor drive;switching frequency;three-level neutral point clamped inverter},
doi={10.1049/iet-pel.2010.0027},
ISSN={1755-4535},}

@ARTICLE{Busquets2004,
author={Busquets-Monge, S. and Bordonau, J. and Boroyevich, D. and Somavilla, S.},
journal={IEEE Power Electron. Lett.}, title={The nearest three virtual space vector PWM - a modulation for the comprehensive neutral-point balancing in the three-level NPC inverter},
year={2004},
month={March},
volume={2},
number={1},
pages={11-15},
keywords={ converter output voltage; load power factors; neutral-point voltage balancing; phase duty-ratio expressions; pulse width modulation; reference vector angle; three-level three-phase neutral-point-clamped voltage source inverter; three-phase currents; virtual space vector PWM; PWM invertors; power factor;},
doi={10.1109/LPEL.2004.828445},
ISSN={1540-7985},}

@ARTICLE{Gupta2007,
author={Gupta, A. K. and Khambadkone, A. M.},
journal={IEEE Trans. Ind. Appl.}, title={A Simple Space Vector PWM Scheme to Operate a Three-Level NPC Inverter at High Modulation Index Including Overmodulation Region, With Neutral Point Balancing},
year={2007},
month={May-June},
volume={43},
number={3},
pages={751-760},
keywords={modulation index;multilevel inverter topology;neutral point balancing;overmodulation region;pulse width modulation;redundant switching states;space vector PWM scheme;switching states;thee-level neutral point clamped inverter;PWM invertors;network topology;switching convertors;},
doi={10.1109/TIA.2007.895766},
ISSN={0093-9994},}

@ARTICLE{Saeedifard2007,
author={Saeedifard, M. and Nikkhajoei, H. and Iravani, R. and Bakhshai, A.},
journal={IEEE Trans. Power Del.}, title={A Space Vector Modulation Approach for a Multimodule HVDC Converter System},
year={2007},
month={July},
volume={22},
number={3},
pages={1643-1654},
keywords={PSCAD/EMTDC software tool;converter modules;harmonic cancellation;minimization;multimodule HVDC converter system;phase shift;sequential sampling;space vector modulation;time domain;voltage harmonics;HVDC power convertors;power system harmonics;time-varying networks;},
doi={10.1109/TPWRD.2006.886777},
ISSN={0885-8977},}

@ARTICLE{Massoud2008,
author={Massoud, A. M. and Finney, S. J. and Williams, B. W.},
journal={IET Power Electronics}, title={Systematic analytical-based generalised algorithm for multilevel space vector modulation with a fixed execution time},
year={2008},
month={June},
volume={1},
number={2},
pages={175-193},
keywords={capacitor balancing;digital signal processor;fixed execution time;multilevel converters;multilevel space vector modulation;reference vector location;switching state selection;systematic analytical-based generalised algorithm;three-level active power filter;power convertors;power filters;},
doi={10.1049/iet-pel:20060445},
ISSN={1755-4535},}

@ARTICLE{Renge2010,
author={Renge, M. M. and Suryawanshi, H. M.},
journal={IEEE Trans. Ind. Electron.}, title={Three-Dimensional Space-Vector Modulation to Reduce Common-Mode Voltage for Multilevel Inverter},
year={2010},
month={July},
volume={57},
number={7},
pages={2324-2331},
keywords={3D SVM;3D space-vector modulation;common-mode voltage;digital controller;diode-clamped inverter;multilevel inverter;three-dimensional space-vector modulation;three-phase induction motor;digital control;diodes;induction motors;invertors;},
doi={10.1109/TIE.2009.2027247},
ISSN={0278-0046},}

@ARTICLE{Lewicki2011,
author={Lewicki, A. and Krzeminski, Z. and Abu-Rub, H.},
journal={IEEE Trans. Ind. Electron.}, title={Space-Vector Pulsewidth Modulation for Three-Level NPC Converter With the Neutral Point Voltage Control},
year={2011},
month={Nov.},
volume={58},
number={11},
pages={5076-5086},
keywords={dc-link voltage unbalance;neutral point voltage control;space vector pulsewidth modulation;switch sequence;three-level NPC converter;three-level neutral point clamped inverter;vector sequences;PWM invertors;PWM power convertors;voltage control;},
doi={10.1109/TIE.2011.2119453},
ISSN={0278-0046},}

@ARTICLE{Prats2003,
author={Prats, M. M. and Franquelo, L. G. and Portillo, R. and Leon, J. I. and Galvan, E. and Carrasco, J. M.},
journal={IEEE Power Electron. Lett.}, title={A 3-D space vector modulation generalized algorithm for multilevel converters},
year={2003},
month={Dec.},
volume={1},
number={4},
pages={110-114},
keywords={3D space vector modulation;harmonic compensation;multilevel converters;three phase four wire systems;triple harmonics;unbalanced load;zero sequence;PWM power convertors;harmonics suppression;power conversion harmonics;power supply quality;vectors;},
doi={10.1109/LPEL.2004.825561},
ISSN={1540-7985},}

@ARTICLE{Rodriguez2004,
author={Rodriguez, J. and Pontt, J. and Correa, P. and Cortes, P. and Silva, C.},
journal={IEEE Trans. Ind. Electron.}, title={A new modulation method to reduce common-mode voltages in multilevel inverters},
year={2004},
month={Aug.},
volume={51},
number={4},
pages={834-839},
keywords={ common-mode voltage reduction; harmonic distortion; microprocessor; multilevel converter; multilevel inverter; space vector modulation; switching frequency; voltage distortion; voltage vector; zero common-mode voltage; PWM invertors; PWM power convertors; harmonic distortion; microprocessor chips; power conversion harmonics; voltage control;},
doi={10.1109/TIE.2004.831735},
ISSN={0278-0046},}

@ARTICLE{Gupta2007J,
author={Gupta, A. K. and Khambadkone, A. M.},
journal={IEEE Trans. Power Electron.}, title={A Space Vector Modulation Scheme to Reduce Common Mode Voltage for Cascaded Multilevel Inverters},
year={2007},
month={Sept.},
volume={22},
number={5},
pages={1672-1681},
keywords={cascaded multilevel inverters;five-level inverter;reduced common mode voltage;space vector modulation;total harmonic distortion;PWM invertors;invertors;modulation;},
doi={10.1109/TPEL.2007.904195},
ISSN={0885-8993},}

@ARTICLE{Loh2003,
author={Poh Chiang Loh and Holmes, D. G. and Fukuta, Y. and Lipo, T. A.},
journal={IEEE Trans. Ind. Appl.}, title={Reduced common-mode modulation strategies for cascaded multilevel inverters},
year={2003},
month={Sept.-Oct.},
volume={39},
number={5},
pages={1386-1395},
keywords={ PWM; alternative phase opposition disposition; carrier disposition modulation strategies; cascaded five-level inverter; cascaded inverter; cascaded multilevel inverters; common-mode voltage elimination; continuous switching conditions; diode-clamped inverter; discontinuous switching conditions; equivalent modulation; graphical technique; multilevel inverter reference waveforms; output phases; phase disposition equivalent modulation; reduced common-mode modulation strategies; PWM invertors; switching convertors;},
doi={10.1109/TIA.2003.816547},
ISSN={0093-9994},}

@ARTICLE{Busquets2009,
author={Busquets-Monge, S. and Alepuz, S. and Rocabert, J. and Bordonau, J.},
journal={IEEE Trans. Power Electron.}, title={Pulsewidth Modulations for the Comprehensive Capacitor Voltage Balance of n -Level Three-Leg Diode-Clamped Converters},
year={2009},
month={May},
volume={24},
number={5},
pages={1364-1375},
keywords={dc-link capacitor voltage balance;diode-clamped topologies;leg duty-ratio waveforms;n-level three-leg diode-clamped converters;pulsewidth modulations;PWM power convertors;power capacitors;},
doi={10.1109/TPEL.2009.2016661},
ISSN={0885-8993},}

@ARTICLE{Yao2008,
author={Wenxi Yao and Haibing Hu and Zhengyu Lu},
journal={IEEE Trans. Power Electron.}, title={Comparisons of Space-Vector Modulation and Carrier-Based Modulation of Multilevel Inverter},
year={2008},
month={Jan.},
volume={23},
number={1},
pages={45-51},
keywords={PWM inverter;carrier-based modulation;multilevel inverter;pulse-width modulation;space-vector modulation;PWM invertors;switching convertors;},
doi={10.1109/TPEL.2007.911865},
ISSN={0885-8993},}

@ARTICLE{Zhou2002,
author={Keliang Zhou and Danwei Wang},
journal={IEEE Trans. Ind. Electron.}, title={Relationship between space-vector modulation and three-phase carrier-based PWM: a comprehensive analysis [three-phase inverters]},
year={2002},
month={Feb.},
volume={49},
number={1},
pages={186-196},
keywords={closed-loop feedback converter;fundamental components;modulation signals;space vectors;space-vector modulation;switching pattern;three-phase PWM inverters;three-phase carrier-based PWM;zero-sequence component;DC-AC power convertors;PWM invertors;bridge circuits;switching circuits;},
doi={10.1109/41.982262},
ISSN={0278-0046},}

@ARTICLE{Wang2002,
author={Fei Wang},
journal={IEEE Trans. Ind. Appl.}, title={Sine-triangle versus space-vector modulation for three-level PWM voltage-source inverters},
year={2002},
month={March/April},
volume={38},
number={2},
pages={500-506},
keywords={VSI;common-mode injections;dwell times;equivalent redundant switching states;sine-triangle modulation;space-vector modulation;three-level PWM voltage-source inverters;three-level modulator;DC-AC power convertors;PWM invertors;modulation;switching circuits;},
doi={10.1109/28.993172},
ISSN={0093-9994},}

@ARTICLE{Levi2012,
author={Levi, E. and Satiawan, I. N. W. and Bodo, N. and Jones, M.},
journal={IEEE Trans. Energy Convers.}, title={A Space-Vector Modulation Scheme for Multilevel Open-End Winding Five-Phase Drives},
year={2012},
month={March},
volume={27},
number={1},
pages={1-10},
keywords={harmonic analysis;induction machine;inverter;multilevel converters;open end winding five phase drive;open loop V/f control;propulsion motors;series hybrid power trains;space vector modulation;switching convertor;variable speed drives;PWM invertors;asynchronous machines;electric propulsion;machine windings;power system harmonics;switching convertors;variable speed drives;},
doi={10.1109/TEC.2011.2178074},
ISSN={0885-8969},}

@ARTICLE{Somasekhar2008,
author={Somasekhar, V. T. and Srinivas, S. and Kumar, K. K.},
journal={IEEE Trans. Power Electron.}, title={Effect of Zero-Vector Placement in a Dual-Inverter Fed Open-End Winding Induction Motor Drive With Alternate Sub-Hexagonal Center PWM Switching Scheme},
year={2008},
month={May},
volume={23},
number={3},
pages={1584-1591},
keywords={alternate sub-hexagonal center PWM switching scheme;dual-inverter fed open-end winding induction motor drive;space vector modulation;three-level inversion;two-level inverters;zero-vector placement;PWM invertors;induction motor drives;},
doi={10.1109/TPEL.2008.921170},
ISSN={0885-8993},}

@ARTICLE{Sivakumar2010,
author={Sivakumar, K. and Das, A. and Ramchand, R. and Patel, C. and Gopakumar, K.},
journal={IEEE Trans. Ind. Electron.}, title={A Hybrid Multilevel Inverter Topology for an Open-End Winding Induction-Motor Drive Using Two-Level Inverters in Series With a Capacitor-Fed H-Bridge Cell},
year={2010},
month={Nov.},
volume={57},
number={11},
pages={3707-3714},
keywords={capacitor bank;capacitor fed H-bridge cell;clamping diodes;flying capacitor;hybrid multilevel inverter topology;open end winding induction motor drive;overmodulation region;two level inverters;voltage space vector location;bridge circuits;capacitors;induction motor drives;invertors;},
doi={10.1109/TIE.2010.2040565},
ISSN={0278-0046},}

@ARTICLE{Somasekhar2005,
author={Somasekhar, V. T. and Gopakumar, K. and Baiju, M. R. and Mohapatra, K. K. and Umanand, L.},
journal={IEEE Trans. Ind. Electron.}, title={A multilevel inverter system for an induction motor with open-end windings},
year={2005},
month={June},
volume={52},
number={3},
pages={824-836},
keywords={ 1.5 kW; PWM scheme; induction motor drive; multilevel inverter system; open-end windings; pulsewidth-modulation; voltage space-vector location; PWM invertors; induction motor drives; machine windings;},
doi={10.1109/TIE.2005.847584},
ISSN={0278-0046},}

@ARTICLE{Levi2008,
author={Levi, E.},
journal={IEEE Trans. Ind. Electron.},
title={Multiphase Electric Machines for Variable-Speed Applications},
year={2008},
month={May},
volume={55},
number={5},
pages={1893-1909},
keywords={electric power generation;invertors;motor drives;reviews;control schemes;electric energy generation;multiphase electric machines;multiphase machines;multiphase voltage source inverter control;variable-speed drives;Multiphase electric machines;multiphase electric machines;multiphase variable speed drives;multiphase variable-speed drives;multiphase voltage source inverters;multiphase voltage-source inverters (VSIs)},
doi={10.1109/TIE.2008.918488},
ISSN={0278-0046},}

@ARTICLE{Mondal2009,
author={Mondal, G. and Sivakumar, K. and Ramchand, R. and Gopakumar, K. and Levi, E.},
journal={IEEE Trans. Ind. Electron.}, title={A Dual Seven-Level Inverter Supply for an Open-End Winding Induction Motor Drive},
year={2009},
month={May},
volume={56},
number={5},
pages={1665-1673},
keywords={DC-link capacitor voltage balancing;common-mode voltage elimination;fault conditions;inverter control;neutral-point-clamped inverters;open-end winding induction motor drive;seven-level inverter supply;three-level inverter mode;induction motor drives;invertors;},
doi={10.1109/TIE.2008.2010159},
ISSN={0278-0046},}

@ARTICLE{Srinivas2008,
author={Srinivas, S. and Somasekhar, V. T.},
journal={IET Electric Power Applications}, title={Space-vector-based PWM switching strategies for a three-level dual-inverter-fed open-end winding induction motor drive and their comparative evaluation},
year={2008},
month={Jan.},
volume={2},
number={1},
pages={19-31},
keywords={space-vector-based PWM switching;three-level dual-inverter-fed open-end winding induction motor drive;PWM invertors;induction motor drives;},
doi={10.1049/iet-epa:20070134},
ISSN={1751-8660},}

@book{kazmierkowski2002,
  title={Control in Power Electronics: Selected Problems},
  author={Kazmierkowski, M. P. and Krishnan, R. and Blaabjerg, F.},
  isbn={9780124027725},
  lccn={2001098018},
  series={Academic Press Series in Engineering},
  url={http://books.google.es/books?id=cHuYj49Ivt4C},
  year={2002},
  publisher={Academic Press}
}

@book{holmes2003book,
  title={Pulse Width Modulation for Power Converters: Principles and Practice},
  author={Holmes, D. G. and Lipo, T. A.},
  isbn={9780471208143},
  lccn={2003057626},
  series={IEEE Press Series on Power Engineering},
  url={http://books.google.es/books?id=8LGi1AjSfpcC},
  year={2003},
  publisher={IEEE Press}
}

@ARTICLE{Sundareswaran2007,
author={Sundareswaran, K. and Jayant, K. and Shanavas, T. N.},
journal={IEEE Trans. Ind. Electron.}, title={Inverter Harmonic Elimination Through a Colony of Continuously Exploring Ants},
year={2007},
month={Oct.},
volume={54},
number={5},
pages={2558-2565},
keywords={Newton-Raphson method;continuously exploring ants colony;derivative-free operation;genetic algorithm;inverter harmonic elimination;output voltage regulation;pulsewidth-modulated inverter;Newton-Raphson method;PWM invertors;genetic algorithms;harmonics suppression;},
doi={10.1109/TIE.2007.899846},
ISSN={0278-0046},}

@ARTICLE{Hagh2009,
author={Hagh, M. T. and Taghizadeh, H. and Razi, K.},
journal={IEEE Trans. Power Electron.}, title={Harmonic Minimization in Multilevel Inverters Using Modified Species-Based Particle Swarm Optimization},
year={2009},
month={Oct.},
volume={24},
number={10},
pages={2259-2267},
keywords={H-bridge inverter;harmonic minimization;multilevel inverters;optimum switching angles;species-based particle swarm optimization;bridge circuits;harmonic distortion;invertors;particle swarm optimisation;power system harmonics;switching convertors;},
doi={10.1109/TPEL.2009.2022166},
ISSN={0885-8993},}

@ARTICLE{Taghizadeh2010,
author={Taghizadeh, H. and Hagh, M. T.},
journal={IEEE Trans. Ind. Electron.}, title={Harmonic Elimination of Cascade Multilevel Inverters with Nonequal DC Sources Using Particle Swarm Optimization},
year={2010},
month={Nov.},
volume={57},
number={11},
pages={3678-3684},
keywords={H-bridge inverter;cascade multilevel inverter;harmonic elimination problem;nonequal DC source;nonlinear transcendental equation;particle swarm optimization;total harmonic distortion;bridge circuits;harmonic distortion;harmonics suppression;invertors;nonlinear equations;particle swarm optimisation;},
doi={10.1109/TIE.2010.2041736},
ISSN={0278-0046},}

@ARTICLE{Kavousi2012,
author={Kavousi, A. and Vahidi, B. and Salehi, R. and Bakhshizadeh, M. and Farokhnia, N. and Fathi, S. S.},
journal={IEEE Trans. Power Electron.}, title={Application of the Bee Algorithm for Selective Harmonic Elimination Strategy in Multilevel Inverters},
year={2012},
month={April},
volume={27},
number={4},
pages={1689-1696},
keywords={7-level inverter;GA;Matlab software;bee optimization method;cascaded multilevel inverter;convergence probability;food foraging behavior;genetic algorithm;harmonic elimination;harmonic elimination pulsewidth modulation strategy;low-order harmonics;neighborhood search;nonlinear equations;random search;selective harmonic elimination strategy;PWM invertors;genetic algorithms;harmonics suppression;nonlinear equations;power conversion harmonics;search problems;},
doi={10.1109/TPEL.2011.2166124},
ISSN={0885-8993},}

@ARTICLE{Holtz1992,
author={Holtz, J.},
journal={IEEE Trans. Ind. Electron.}, title={Pulsewidth modulation-a survey},
year={1992},
month={Oct.},
volume={39},
number={5},
pages={410-420},
keywords={AC drives;compensation methods;dynamic response;feedback PWM;feedforward PWM;load-current dependent switching time delay;oscillograms;power level;pulsewidth modulation;switching frequency;synchronized pulsewidth modulation;three-phase voltage source inverters;transients;compensation;electric drives;invertors;pulse width modulation;switching;transients;},
doi={10.1109/41.161472},
ISSN={0278-0046},}

@ARTICLE{Pfaff1984,
author={Pfaff, Gerhard and Weschta, Alois and Wick, Albert F.},
journal={IEEE Trans. Ind. Appl.}, title={Design and Experimental Results of a Brushless AC Servo Drive},
year={1984},
month={July},
volume={IA-20},
number={4},
pages={814-821},
keywords={},
doi={10.1109/TIA.1984.4504491},
ISSN={0093-9994},}

@ARTICLE{Casadei2000,
author={Casadei, D. and Serra, G. and Tani, A},
journal={IEEE Trans. Power Electron.},
title={Implementation of a direct control algorithm for induction motors based on discrete space vector modulation},
year={2000},
month={July},
volume={15},
number={4},
pages={769-777},
keywords={induction motors;machine vector control;stators;torque control;current ripple;direct control algorithm;discrete space vector modulation;induction motors;prefixed time intervals;space vector modulation;stator flux;torque ripple;torque variations;voltage vector;Control systems;Hysteresis;Induction motors;Inverters;Pulse width modulation;Sensorless control;Stators;Switching frequency;Torque control;Voltage control},
doi={10.1109/63.849048},
ISSN={0885-8993},}

@INPROCEEDINGS{Vazquez2009,
author={Vazquez, S. and Leon, J. I. and Franquelo, L. G. and Carrasco, J. M. and Martinez, O. and Rodriguez, J. and Cortes, P. and Kouro, S.},
booktitle={IEEE International Conference on Industrial Technology (ICIT)},
title={Model Predictive Control with constant switching frequency using a Discrete Space Vector Modulation with virtual state vectors},
year={2009},
month={Feb.},
pages={1-6},
keywords={discrete systems;power convertors;predictive control;constant switching frequency;discrete space vector modulation;model predictive control;power converters;virtual state vectors;Inverters;Motor drives;Predictive control;Predictive models;Rectifiers;Sampling methods;Switching converters;Switching frequency;Torque control;Uninterruptible power systems},
doi={10.1109/ICIT.2009.4939728},}

@INPROCEEDINGS{Malinowski2002,
author={Malinowski, M. and Kazmierkowski, M. P.},
booktitle={IEEE International Symposium on Industrial Electronics (ISIE)},
title={Direct power control of three-phase PWM rectifier using space vector modulation-simulation study},
year={2002},
month={},
volume={4},
pages={1114-1118},
keywords={PWM power convertors;dynamic response;power control;reactive power;rectifying circuits;PWM control variables;active power control;constant switching frequency;direct power control;dynamic results;good dynamic response;reactive power control;sinusoidal line current;space vector modulation;steady state results;three-phase PWM rectifiers;virtual flux estimator},
doi={10.1109/ISIE.2002.1025944},}

@INPROCEEDINGS{Buccella2014,
author={Buccella, C. and Cecati, C. and Cimoroni, M. G. and Razi, K.},
booktitle={International Symposium on Power Electronics, Electrical Drives, Automation and Motion (SPEEDAM)},
title={Harmonic mitigation technique for multilevel inverters in power systems},
year={2014},
month={June},
pages={73-77},
keywords={Harmonic analysis;Harmonic distortion;Inverters;Power harmonic filters;Standards;Switches;5-level cascaded inverter;Selective Harmonic Mitigation (SHM);Total Harmonic Distortion (THD)},
doi={10.1109/SPEEDAM.2014.6872070},}

@ARTICLE{Leon2009,
author={Leon, J. I. and Vazquez, S. and Kouro, S. and Franquelo, L. G. and Carrasco, J. M. and Rodriguez, J.},
journal={IEEE Trans. Ind. Electron.},
title={Unidimensional Modulation Technique for Cascaded Multilevel Converters},
year={2009},
month={Aug.},
volume={56},
number={8},
pages={2981-2986},
keywords={bridge circuits;modulation;power convertors;switching;voltage control;DC-voltage ratio;cascaded multilevel converters;cost modulation technique;multilevel cascaded H-bridge converter;switching sequence;unidimensional control;unidimensional modulation technique;Modulation;multilevel systems;voltage control},
doi={10.1109/TIE.2009.2016510},
ISSN={0278-0046},}

@ARTICLE{Kazmierkowski2011,
author={Kazmierkowski, M. P. and Franquelo, L. G. and Rodriguez, J. and Perez, M. A. and Leon, J. I.},
journal={IEEE Ind. Electron. Mag.},
title={High-Performance Motor Drives},
year={2011},
month={Sept.},
volume={5},
number={3},
pages={6-26},
keywords={constant current sources;induction motors;motor drives;power convertors;converter topologies;current-source converters;feed electric motors;high-performance motor drives;induction motor drive systems;modulation methods;multilevel voltage-source converters;two-voltage-source converters;Capacitors;Induction motors;Insulated gate bipolar transistors;Inverters;Motor drives;Rectifiers;Voltage control},
doi={10.1109/MIE.2011.942173},
ISSN={1932-4529},}

@ARTICLE{Takahashi1986,
author={Takahashi, I. and Noguchi, T.},
journal={IEEE Trans. Ind. Appl.},
title={A New Quick-Response and High-Efficiency Control Strategy of an Induction Motor},
year={1986},
month={Sept.},
volume={IA-22},
number={5},
pages={820-827},
keywords={Automatic control;DC motors;Hysteresis motors;Induction motors;Limit-cycles;Pulse width modulation inverters;Steady-state;Switching frequency;Torque control;Voltage control},
doi={10.1109/TIA.1986.4504799},
ISSN={0093-9994},}

@ARTICLE{Depenbrock1988,
author={Depenbrock, M.},
journal={IEEE Trans. Power Electron.},
title={Direct self-control (DSC) of inverter-fed induction machine},
year={1988},
month={Oct.},
volume={3},
number={4},
pages={420-429},
keywords={asynchronous machines;electric drives;invertors;machine control;power convertors;torque control;Schmitt triggers;asynchronous machines;converter-fed three-phase machines;direct self-control;drive systems;dynamic performance;inverter-fed induction machine;machine control;power semiconductors;signal processing;stator currents;torque control;total flux linkages;two-limit controls;Couplings;Current measurement;Induction machines;Induction motors;Inverters;Power semiconductor switches;Signal processing;Stators;Torque control;Torque measurement},
doi={10.1109/63.17963},
ISSN={0885-8993},}

@ARTICLE{Noguchi1998,
author={Noguchi, T. and Tomiki, H. and Kondo, S. and Takahashi, I.},
journal={IEEE Trans. Ind. Appl.},
title={Direct power control of PWM converter without power-source voltage sensors},
year={1998},
month={May},
volume={34},
number={3},
pages={473-479},
keywords={PWM power convertors;controllability;digital signal processing chips;power factor;reactive power control;switching circuits;200 to 1400 W;93 to 97 percent;PWM converter;controllability;digital-signal-processor;direct instantaneous power control;direct power control;estimation technique;instantaneous active power control;instantaneous reactive power control;line currents;optimum switching state selection;power-source voltage sensors;power-source voltages;total power factor;voltage waveform detection;Power control;Power system harmonics;Pulse width modulation;Pulse width modulation converters;Reactive power;Reactive power control;State estimation;Switching converters;System testing;Voltage control},
doi={10.1109/28.673716},
ISSN={0093-9994},}

@INPROCEEDINGS{Ohnishi1991,
author={Ohnishi, T.},
booktitle={International Conference on Industrial Electronics, Control and Instrumentation (IECON)},
title={Three phase PWM converter/inverter by means of instantaneous active and reactive power control},
year={1991},
month={Oct.},
volume={1},
pages={819-824},
keywords={invertors;power control;power convertors;pulse width modulation;reactive power;3-phase PWM convertor/invertor;construction;control circuit;control range;control system;design indexes;efficiency;instantaneous active power control;instantaneous reactive power control;pulse-width-modulation;response;Circuit simulation;Control systems;Open loop systems;Pulse width modulation;Pulse width modulation converters;Pulse width modulation inverters;Reactive power;Reactive power control;Switches;Voltage control},
doi={10.1109/IECON.1991.239183},}

@ARTICLE{Kouro2009p,
author={Kouro, S. and Cortes, P. and Vargas, R. and Ammann, U. and Rodriguez, J.},
journal={IEEE Trans. Ind. Electron.},
title={Model Predictive Control - A Simple and Powerful Method to Control Power Converters},
year={2009},
month={June},
volume={56},
number={6},
pages={1826-1838},
keywords={invertors;power convertors;predictive control;switching convertors;FCS-MPC;finite control set;model predictive control;power converter control;switching state;three-phase voltage source inverter;Adjustable-speed drives;current control;model predictive control (MPC);power converters;pulsewidth modulation (PWM)},
doi={10.1109/TIE.2008.2008349},
ISSN={0278-0046},}

@INPROCEEDINGS{Rodriguez2000,
author={Rodriguez, J. and Moran, L. and Silva, C. and Correa, P.},
booktitle={The Third International Power Electronics and Motion Control Conference (IPEMC)},
title={A high performance vector control of a 11-level inverter},
year={2000},
month={Aug.},
volume={3},
pages={1116-1121},
keywords={DC-AC power convertors;control system synthesis;invertors;switching circuits;voltage control;eleven-level invertor;harmonic distortion;high-performance vector control;multilevel cascade inverters;sinusoidal reference;space vector theory;switching frequency;switching strategy;Equations;Equivalent circuits;Harmonic distortion;Medium voltage;Power generation;Production;Pulse width modulation inverters;Switching frequency;Variable speed drives;Voltage control},
doi={10.1109/IPEMC.2000.882988},}

@ARTICLE{Maheshwari2013,
author={Maheshwari, R. and Munk-Nielsen, S. and Busquets-Monge, S.},
journal={IEEE Trans. Ind. Electron.},
title={Design of Neutral-Point Voltage Controller of a Three-Level NPC Inverter With Small DC-Link Capacitors},
year={2013},
month={May},
volume={60},
number={5},
pages={1861-1871},
keywords={PI control;asynchronous machines;capacitors;invertors;modulation;motor drives;voltage control;capacitance 14 muF;capacitor voltage balance;carrier-based modulation strategy;induction machine-based drive;neutral-point voltage;neutral-point voltage controller design;neutral-point voltage dynamics;optimum performance;power 7.5 kW;proportional integral controller;small DC-link capacitors;three-level NPC inverter;zero neutral-point current;Capacitors;Frequency modulation;Inverters;Pulse width modulation;Switches;Voltage control;Multilevel inverter;neutral-point voltage control;neutral-point-clamped (NPC) inverter;pulsewidth modulation (PWM)},
doi={10.1109/TIE.2012.2202352},
ISSN={0278-0046},}

@ARTICLE{Busquets2013,
author={Busquets-Monge, S. and Maheshwari, R. and Munk-Nielsen, S.},
journal={IEEE Trans. Ind. Electron.},
title={Overmodulation of n-Level Three-Leg DC - AC Diode-Clamped Converters With Comprehensive Capacitor Voltage Balance},
year={2013},
month={May},
volume={60},
number={5},
pages={1872-1883},
keywords={DC-AC power convertors;PWM power convertors;digital control;harmonic distortion;power capacitors;PWM strategy;dc-link capacitor voltage balance;dc-link capacitor voltage regulation;digital control platform;hexagonal-boundary compression factor;low weighted total harmonic distortion;n-level three-leg DC-AC diode-clamped converter overmodulation;n-level three-leg semiconductor-clamped DC-AC converters;narrow gate pulses;pulsewidth modulation strategy;reference vector trajectory;switching cycle;three-level three-phase neutral-point clamped converter;virtual-vector concept;Capacitors;Pulse width modulation;Support vector machines;Switches;Trajectory;Vectors;Capacitor voltage balance;diode-clamped multilevel dcac converter;overmodulation;space vector pulsewidth modulation (SVM);three-level neutral-point-clamped converter;virtual vectors},
doi={10.1109/TIE.2012.2218552},
ISSN={0278-0046},}

@ARTICLE{Shu2013,
author={Zeliang Shu and Na Ding and Jie Chen and Haifeng Zhu and Xiaoqiong He},
journal={IEEE Trans. Ind. Electron.},
title={Multilevel SVPWM With DC-Link Capacitor Voltage Balancing Control for Diode-Clamped Multilevel Converter Based STATCOM},
year={2013},
month={May},
volume={60},
number={5},
pages={1884-1896},
keywords={PWM power convertors;field programmable gate arrays;power capacitors;stability;static VAr compensators;voltage control;?'?' frame;DC-link capacitor;STATCOM;capacitor current prediction;coordinate system;diode-clamped multilevel converter;field programmable gate array;five-level DCMC;fixed-point digital realization;integer additions;integer subtractions;intellectual property core;multilevel SVPWM;optimal PWM signals;optimal vector;pulse dwelling period;redundant vectors;space vector pulsewidth modulation;static synchronous compensator;truncations;voltage balancing control;voltage equalization;voltage stability;Algorithm design and analysis;Capacitors;Indexes;Space vector pulse width modulation;Switches;Vectors;Diode-clamped multilevel converter (DCMC);space vector pulsewidth modulation (PWM) (SVPWM);static synchronous compensator (STATCOM);voltage equalization},
doi={10.1109/TIE.2012.2218553},
ISSN={0278-0046},}

@ARTICLE{Zhang2013,
author={Zhe Zhang and Thomsen, O. C. and Andersen, M. AE.},
journal={IEEE Trans. Ind. Electron.},
title={Discontinuous PWM Modulation Strategy With Circuit-Level Decoupling Concept of Three-Level Neutral-Point-Clamped (NPC) Inverter},
year={2013},
month={May},
volume={60},
number={5},
pages={1897-1906},
keywords={PWM invertors;control system synthesis;signal synthesis;voltage control;NP potential variation;NP voltage control;NPC inverter;carrier-based DPWM strategy;circuit-level decoupling concept;continuous sinusoidal PWM strategy;controller design;dc-link voltage;discontinuous PWM modulation strategy;driving signal synthesis;maximum modulation index;neutral point voltage control;pulse width modulation strategy;space-vector modulation;switching loss;three-level buck converters;three-level neutral-point-clamped inverter;Capacitors;Equivalent circuits;Inverters;Pulse width modulation;Switches;Voltage control;Circuit-level decoupling;modulation strategy;multilevel converter;voltage-source inverter},
doi={10.1109/TIE.2012.2227901},
ISSN={0278-0046},}

@ARTICLE{Wang2013,
author={Kui Wang and Zedong Zheng and Yongdong Li and Kean Liu and Jing Shang},
journal={IEEE Trans. Ind. Electron.},
title={Neutral-Point Potential Balancing of a Five-Level Active Neutral-Point-Clamped Inverter},
year={2013},
month={May},
volume={60},
number={5},
pages={1907-1918},
keywords={insulated gate bipolar transistors;invertors;power bipolar transistors;power capacitors;NP potential balancing method;five-level active neutral-point-clamped inverter;flying-capacitor multilevel converters;neutral-point potential balancing method;series-connected insulated-gate bipolar transistors;three-phase five-level ANPC inverter prototype;zero-sequence voltage injection;zero-sequence voltages;Capacitors;Electric potential;IEEE Potentials;Inverters;Pulse width modulation;Switches;Voltage control;Active neutral-point (NP) clamped (NPC) (ANPC);NP potential;multilevel converter;zero-sequence voltage},
doi={10.1109/TIE.2012.2227898},
ISSN={0278-0046},}

@ARTICLE{Soeiro2013,
author={Soeiro, T. B. and Kolar, J. W.},
journal={IEEE Trans. Ind. Electron.},
title={The New High-Efficiency Hybrid Neutral-Point-Clamped Converter},
year={2013},
month={May},
volume={60},
number={5},
pages={1919-1935},
keywords={losses;power convertors;DC-link voltage converter;H-NPCC topology;VSC;asymmetrical semiconductor loss distribution;converter output power capability;high-efficiency hybrid neutral-point-clamped converter;loss-balancing scheme;system reliability;three-level voltage-source converter;Clamps;Modulation;Power conversion;Switches;Topology;Vectors;Neutral-point-clamped converter (NPCC);space vector modulation (SVM);three-level voltage-source converters (VSCs)},
doi={10.1109/TIE.2012.2209611},
ISSN={0278-0046},}

@ARTICLE{Lezana2013,
author={Lezana, P. and Aceiton, R. and Silva, C.},
journal={IEEE Trans. Ind. Electron.},
title={Phase-Disposition PWM Implementation for a Hybrid Multicell Converter},
year={2013},
month={May},
volume={60},
number={5},
pages={1936-1942},
keywords={PWM power convertors;bridge circuits;H-bridge;floating capacitor;flying capacitor module;high-performance waveform;hybrid multicell converter;phase-disposition PWM converter;phase-disposition level-shifted pulsewidth modulation;state-machine decoder;Capacitors;Commutation;Decoding;Macrocell networks;Modulation;Switches;Topology;Hybrid multicell;modulation;multilevel},
doi={10.1109/TIE.2012.2228139},
ISSN={0278-0046},}

@ARTICLE{Kui2013,
author={Kui Wang and Yongdong Li and Zedong Zheng and Lie Xu},
journal={IEEE Trans. Ind. Electron.},
title={Voltage Balancing and Fluctuation-Suppression Methods of Floating Capacitors in a New Modular Multilevel Converter},
year={2013},
month={May},
volume={60},
number={5},
pages={1943-1954},
keywords={electric motors;power capacitors;power convertors;MMC;cascaded basic cells;floating capacitors;fundamental frequency;low-frequency region;low-power three-phase five-level prototype;modular multilevel converter;motor;multilevel topology;pump-blower like load;voltage balancing;voltage-fluctuation-suppression method;Bridge circuits;Capacitors;Fluctuations;Pulse width modulation;Switches;Topology;Voltage fluctuations;Floating capacitor;modular multilevel converter (MMC);voltage balancing;voltage-fluctuation suppression},
doi={10.1109/TIE.2012.2201433},
ISSN={0278-0046},}

@ARTICLE{Filho2013,
author={Filho, F. and Maia, H. Z. and Mateus, T. H. A and Ozpineci, B. and Tolbert, L. M. and Pinto, J. O. P.},
journal={IEEE Trans. Ind. Electron.},
title={Adaptive Selective Harmonic Minimization Based on ANNs for Cascade Multilevel Inverters With Varying DC Sources},
year={2013},
month={May},
volume={60},
number={5},
pages={1955-1962},
keywords={electronic engineering computing;genetic algorithms;neural nets;switching convertors;ANN;DC source variation;adaptive selective harmonic minimization;artificial neural network;cascade multilevel inverter;genetic algorithm;modulating switching angle;selective harmonic elimination;Artificial neural networks;Genetic algorithms;Harmonic analysis;Inverters;Switches;Topology;Training;ANN;SHE;cascade inverter;multilevel inverter;neural network;real time;selective harmonic elimination},
doi={10.1109/TIE.2012.2224072},
ISSN={0278-0046},}

@ARTICLE{Napoles2013,
author={Napoles, J. and Watson, A. J. and Padilla, J. J. and Leon, J. I. and Franquelo, L. G. and Wheeler, P. W. and Aguirre, M. A.},
journal={IEEE Trans. Ind. Electron.},
title={Selective Harmonic Mitigation Technique for Cascaded H-Bridge Converters With Nonequal DC Link Voltages},
year={2013},
month={May},
volume={60},
number={5},
pages={1963-1971},
keywords={PWM power convertors;interpolation;power conversion harmonics;CHB;H-bridge cell series connection;SHM-PWM control strategy;cascaded H-bridge converters;grid codes;high-power applications;interpolation;multilevel topology;nonequal DC link voltages;nonequal dc link voltages;optimized pulse width modulation techniques;selective harmonic mitigation technique;Equations;Harmonic analysis;Interpolation;Modulation;Switches;Switching frequency;Topology;Harmonic distortion;multilevel systems;optimization methods;pulse width modulation converters},
doi={10.1109/TIE.2012.2192896},
ISSN={0278-0046},}

@ARTICLE{Young2013,
author={Chung-Ming Young and Neng-Yi Chu and Liang-Rui Chen and Yu-Chih Hsiao and Chia-Zer Li},
journal={IEEE Trans. Ind. Electron.},
title={A Single-Phase Multilevel Inverter With Battery Balancing},
year={2013},
month={May},
volume={60},
number={5},
pages={1972-1978},
keywords={invertors;secondary cells;battery-balancing discharge function;single-phase multilevel inverter;Batteries;Discharges;Harmonic analysis;Inverters;Prototypes;Switches;Voltage control;A multilevel inverter;battery balancing},
doi={10.1109/TIE.2012.2207656},
ISSN={0278-0046},}

@ARTICLE{Ewanchuk2013,
author={Ewanchuk, J. and Salmon, J.},
journal={IEEE Trans. Ind. Electron.},
title={Three-limb Coupled Inductor Operation for Paralleled Multi-level Three-Phase Voltage Sourced Inverters},
year={2013},
month={May},
volume={60},
number={5},
pages={1979-1988},
keywords={DC-AC power convertors;PWM invertors;inductors;switching convertors;high frequency common mode voltage difference;interleaved pulse width modulation;paralleled multilevel three phase voltage sourced inverters;power 3 kW;power conversion quality;single phase output reactors;three-limb coupled inductor operation;Inductors;Inverters;Permeability;Pulse width modulation;Standards;Switches;Windings;AC motors drives;DC/AC inverters;coupled inductors;interleaved three-phase inverters;pulse width modulation (PWM)},
doi={10.1109/TIE.2012.2221112},
ISSN={0278-0046},}

@ARTICLE{Dey2013,
author={Dey, A and Rajeevan, P. P. and Ramchand, R. and Mathew, K. and Gopakumar, K.},
journal={IEEE Trans. Ind. Electron.},
title={A Space-Vector-Based Hysteresis Current Controller for a General n-Level Inverter-Fed Drive With Nearly Constant Switching Frequency Control},
year={2013},
month={May},
volume={60},
number={5},
pages={1989-1998},
keywords={PWM invertors;electric current control;frequency control;hysteresis motor drives;induction motor drives;machine vector control;switching convertors;IM drive;VSI;constant-switching-frequency voltage-controlled SVPWM;current triangular sector information;current-error space-vector-based hysteresis current controller;general n-level inverter-fed drive;general n-level voltage-source inverter;linear modulation range;multilevel inverter;parabolic boundary;power 7.5 kW;reference voltage vector estimation;space vector pulsewidth modulation;space-vector-based hysteresis current controller;stator voltage detection;three-phase induction motor drive;Aerospace electronics;Control systems;Hysteresis;Inverters;Switching frequency;Vectors;Voltage control;Current-error space vector;hysteresis controller;induction motor (IM) drives;multilevel inverter;parabolic boundary;space vector pulsewidth modulation (PWM) (SVPWM)},
doi={10.1109/TIE.2012.2200217},
ISSN={0278-0046},}

@ARTICLE{Ruderman2013,
author={Ruderman, A. and Reznikov, B. and Busquets-Monge, S.},
journal={IEEE Trans. Ind. Electron.},
title={Asymptotic Time Domain Evaluation of a Multilevel Multiphase PWM Converter Voltage Quality},
year={2013},
month={May},
volume={60},
number={5},
pages={1999-2009},
keywords={PWM power convertors;harmonic distortion;time-domain analysis;PWM;asymptotic time domain evaluation;closed-form expressions;closed-form piece-wise analytical solutions;modulation index;multilevel converters;multilevel pulse width modulation converter voltage quality;quadratic voltage ripple criteria;space vector modulation;switching harmonics;voltage total harmonic distortion;Frequency domain analysis;Harmonic analysis;Pulse width modulation;Pulse width modulation converters;Switches;Time domain analysis;AC motor drives;dcac power conversion;pulse width modulated power converters},
doi={10.1109/TIE.2012.2226413},
ISSN={0278-0046},}

@ARTICLE{Zeng2013,
author={Zeng Liu and Jinjun Liu and Jin Li},
journal={IEEE Trans. Ind. Electron.},
title={Modeling, Analysis, and Mitigation of Load Neutral Point Voltage for Three-Phase Four-Leg Inverter},
year={2013},
month={May},
volume={60},
number={5},
pages={2010-2021},
keywords={PWM invertors;filters;uninterruptible power supplies;LNPV;common mode filter;high-power uninterruptible power supply application;load neutral point voltage mitigation;power loss;three-phase four-leg inverter;Inductance;Integrated circuits;Inverters;Pulse width modulation;Switches;Uninterruptible power systems;Vectors;Load neutral point voltage (LNPV);PWM strategy;power losses;three-phase four-leg inverter;uninterruptible power supply (UPS)},
doi={10.1109/TIE.2012.2207653},
ISSN={0278-0046},}

@ARTICLE{Fernandes2013,
author={Fernandes, D. A. and Costa, F. F. and dos Santos, E. C.},
journal={IEEE Trans. Ind. Electron.},
title={Digital-Scalar PWM Approaches Applied to Four-Leg Voltage-Source Inverters},
year={2013},
month={May},
volume={60},
number={5},
pages={2022-2030},
keywords={PWM invertors;harmonic distortion;power supply quality;digital-scalar PWM approach;digital-scalar pulsewidth modulation;four-leg voltage-source inverters;harmonic distortion;power switching loss;symmetrical components;three-leg inverter control;unbalanced voltage generation;voltage reference signal decomposition;Equations;Inverters;Space vector pulse width modulation;Switches;Vectors;Dynamic voltage restorer;four-leg voltage-source inverter (VSI);pulsewidth modulation (PWM);scalar PWM;space vector PWM (SVPWM);switching loss;unbalanced voltages;zero sequence},
doi={10.1109/TIE.2012.2217712},
ISSN={0278-0046},}

@ARTICLE{Kumsuwan2013,
author={Kumsuwan, Y. and Premrudeepreechacharn, S. and Kinnares, V.},
journal={IEEE Trans. Ind. Electron.},
title={A Carrier-Based Unbalanced PWM Method for Four-Leg Voltage Source Inverter Fed Unsymmetrical Two-Phase Induction Motor},
year={2013},
month={May},
volume={60},
number={5},
pages={2031-2041},
keywords={PWM invertors;frequency control;induction motors;machine control;voltage control;and quadrature phase angle;carrier-based unbalanced PWM method;carrier-based unbalanced pulsewidth-modulated method;four-leg VSI;four-leg voltage source inverter fed unsymmetrical two-phase induction motor;independent magnitude controllability;open-loop V-f control;unbalanced two-phase loads;unbalanced two-phase output voltage waveform synthesis;unipolar modulation technique;voltage-frequency control;Induction motors;Pulse width modulation;Rotors;Stator windings;Voltage control;Windings;Carrier-based pulsewidth-modulated (PWM) (CBPWM) method;open-loop $V/f$ control;two-phase four-leg voltage-source inverter (VSI);unsymmetrical two-phase induction motor (TPIM)},
doi={10.1109/TIE.2012.2228138},
ISSN={0278-0046},}

@ARTICLE{Carrasco2013,
author={Carrasco, G. and Silva, C. A.},
journal={IEEE Trans. Ind. Electron.},
title={Space Vector PWM Method for Five-Phase Two-Level VSI With Minimum Harmonic Injection in the Overmodulation Region},
year={2013},
month={May},
volume={60},
number={5},
pages={2042-2053},
keywords={PWM invertors;minimisation;dc-link voltage utilization;explicit minimization;five-phase two-level VSI;five-phase voltage-source inverter;harmonic injection amplitude;overmodulation region;space vector PWM method;space vector modulation;Equations;Harmonic analysis;Inverters;Modulation;Optimization;Support vector machines;Vectors;Harmonic injection;multiphase modulation},
doi={10.1109/TIE.2012.2201434},
ISSN={0278-0046},}

@ARTICLE{Bodo2013,
author={Bodo, N. and Levi, E. and Jones, M.},
journal={IEEE Trans. Ind. Electron.},
title={Investigation of Carrier-Based PWM Techniques for a Five-Phase Open-End Winding Drive Topology},
year={2013},
month={May},
volume={60},
number={5},
pages={2054-2065},
keywords={PWM invertors;electric drives;fast Fourier transforms;harmonic distortion;machine windings;FFT;capacitor voltage balancing;carrier-based PWM techniques;current waveforms;figures of merit;five-phase open-end winding drive topology;five-phase two-level voltage source inverters;level-shifted carrier-based modulation methods;multiphase open-end winding drive topology;phase voltage waveforms;phase-shifted carrier-based modulation methods;single-sided supply mode;space-vector pattern;spectra fast Fourier transform;three-level VSI;three-level inverter;total harmonic distortion;voltage waveforms;Inverters;Pulse width modulation;Switches;Topology;Vectors;Windings;Carrier-based pulsewidth modulation (PWM);multilevel inverters;multiphase drives;open-end winding topology},
doi={10.1109/TIE.2012.2196013},
ISSN={0278-0046},}

@ARTICLE{Sarnago2013,
author={Sarnago, H. and Lucia, O. and Mediano, A. and Burdio, J. M.},
journal={IEEE Trans. Ind. Electron.},
title={Modulation Scheme for Improved Operation of an RB-IGBT-Based Resonant Inverter Applied to Domestic Induction Heating},
year={2013},
month={May},
volume={60},
number={5},
pages={2066-2073},
keywords={domestic appliances;induction heating;power control;power convertors;resonant invertors;RB-IGBT;conduction losses;domestic induction appliances;domestic induction heating;modulation scheme;modulation techniques;power control;power converters;reverse-blocking insulated gate bipolar transistors;switching losses;Capacitors;Electromagnetic heating;Modulation;Power generation;Switches;Topology;Zero voltage switching;Induction heating;inverter;resonant power conversion},
doi={10.1109/TIE.2012.2207652},
ISSN={0278-0046},}

@ARTICLE{Ferreira2013,
author={Ferreira, C. AF. and Borges, B. V.},
journal={IEEE Trans. Ind. Electron.},
title={Sine-Wave Amplitude-Modulation Concept for Linear Behavior of Phase-Modulated Resonant Converters},
year={2013},
month={May},
volume={60},
number={5},
pages={2074-2083},
keywords={amplitude modulation;phase modulation;resonant power convertors;DC-AC resonant power converter;linear input-output behavior;low harmonic content;phase-modulated resonant converters;sine-wave amplitude-modulation concept;sine-wave generation technique;Amplitude modulation;Frequency modulation;Harmonic analysis;Phase modulation;Resonant frequency;Switches;Integral cycle cycloconverter;inverter;modulation techniques;phase modulation (PM);resonant converter (RC)},
doi={10.1109/TIE.2012.2228137},
ISSN={0278-0046},}

@ARTICLE{Jiaxin2013,
author={Jiaxin Yuan and Jianbing Pan and WenLi Fei and Chao Cai and Yaojun Chen and Baichao Chen},
journal={IEEE Trans. Ind. Electron.},
title={An Immune-Algorithm-Based Space-Vector PWM Control Strategy in a Three-Phase Inverter},
year={2013},
month={May},
volume={60},
number={5},
pages={2084-2093},
keywords={PWM invertors;digital signal processing chips;field programmable gate arrays;harmonic distortion;optimal control;optimisation;DSP;field-programmable gate array;immune algorithm;optimal control vectors;optimization;space-vector PWM control;space-vector pulsewidth-modulation control;three-phase inverter;voltage waveforms;weighted total harmonic distortion;Capacitors;Electric potential;IEEE Potentials;Inverters;Pulse width modulation;Switches;Voltage control;Immune algorithm (IA);optimization;space-vector pulsewidth modulation (PWM) (SVPWM);three-phase inverter},
doi={10.1109/TIE.2012.2227899},
ISSN={0278-0046},}

@ARTICLE{Zhao2013,
author={Zheng Zhao and Jih-Sheng Lai and Younghoon Cho},
journal={IEEE Trans. Ind. Electron.},
title={Dual-Mode Double-Carrier-Based Sinusoidal Pulse Width Modulation Inverter With Adaptive Smooth Transition Control Between Modes},
year={2013},
month={May},
volume={60},
number={5},
pages={2094-2103},
keywords={PWM invertors;adaptive control;losses;power capacitors;switching convertors;voltage control;California Energy Commission efficiency;SPWM;adaptive smooth transition control between mode;boost-H5 inverter;capacitor;constant DC bus voltage solution;dual-mode boost-buck-derived full bridge inverter;dual-mode double-carrier-based sinusoidal pulse width modulation inverter;efficiency 2 percent;switching frequency loss mitigation;Frequency modulation;Gain;Inverters;Pulse width modulation;Switches;Switching loss;Topology;Dual mode;inverter;multi-carrier;sinusoidal pulse width modulation (SPWM);smooth transition},
doi={10.1109/TIE.2012.2227900},
ISSN={0278-0046},}

@ARTICLE{Ji2013,
author={Baojian Ji and Jianhua Wang and Jianfeng Zhao},
journal={IEEE Trans. Ind. Electron.},
title={High-Efficiency Single-Phase Transformerless PV H6 Inverter With Hybrid Modulation Method},
year={2013},
month={May},
volume={60},
number={5},
pages={2104-2115},
keywords={inductors;invertors;modulation;optimisation;photovoltaic power systems;power supply quality;transformers;apparent power 2200 VA;bipolar pulsewidth modulation scheme;common-mode voltage;high-efficiency single-phase transformerless PV H6 inverter;high-efficiency single-phase transformerless photovoltaic inverter;hybrid modulation method;inductors;leakage current issue;nonisolated system;power quality optimization;unipolar pulsewidth modulation scheme;Capacitors;Inductors;Inverters;Leakage current;Modulation;Noise;Topology;Common-mode voltage;hybrid modulation method;leakage current;photovoltaic inverter;transformerless},
doi={10.1109/TIE.2012.2225391},
ISSN={0278-0046},}

@ARTICLE{Qin2013,
author={Jiangchao Qin and Saeedifard, M.},
journal={IEEE Trans. Power Del.},
title={Reduced Switching-Frequency Voltage-Balancing Strategies for Modular Multilevel HVDC Converters},
year={2013},
month={Oct.},
volume={28},
number={4},
pages={2403-2410},
keywords={HVDC power convertors;HVDC power transmission;time-domain analysis;HVDC transmission;PSCAD-EMTDC software environment;capacitor voltage balancing;high-voltage direct current transmission;hybrid balancing;modular multilevel HVDC converters;point-to-point MMC;slow-rate balancing strategy;submodule capacitor;switching-frequency;time-domain simulation;voltage-balancing;Capacitors;HVDC transmission;Sorting;Switches;Switching frequency;Voltage control;Voltage measurement;Capacitor voltage balancing;modular multilevel converter;predictive voltage error sorting},
doi={10.1109/TPWRD.2013.2271615},
ISSN={0885-8977},}

@ARTICLE{Holtz1994p,
author={Holtz, J.},
journal={Proc. IEEE},
title={Pulsewidth modulation for electronic power conversion},
year={1994},
month={Aug.},
volume={82},
number={8},
pages={1194-1214},
keywords={power control;power convertors;pulse width modulation;semiconductor switches;automated production;electronic power conversion;energy transfer;power converters;pulsewidth modulation;quantized fashion;real-time optimization;semiconductor switches;Automatic control;Power conversion;Power semiconductor switches;Pulse modulation;Pulse width modulation;Pulse width modulation inverters;Space vector pulse width modulation;Switching frequency;Switching loss;Voltage},
doi={10.1109/5.301684},
ISSN={0018-9219},}

@book{mohan_book,
  title={Power Electronics - Converters, Applications and Design},
  author={Mohan, N. and Undeland, T. M. and Robbins, W. P.},
  isbn={0471226939},
  lccn={},
  series={3rd ed. Media Enhanced Edition.},
  url={},
  year={2003},
  publisher={John Wiley \& Sons}
}

@ARTICLE{Smedley1995,
author={Smedley, K. M. and Cuk, Slobodan},
journal={IEEE Trans. Power Electron.},
title={One-cycle control of switching converters},
year={1995},
month={Nov.},
volume={10},
number={6},
pages={625-633},
keywords={DC-DC power convertors;electric current control;nonlinear control systems;robust control;switching circuits;voltage control;constant frequency buck converter;continuous conduction;current control;discontinuous conduction;duty-ratio control;large-signal nonlinear control technique;one-cycle control;power source perturbations rejection;pulse-width-modulated converters;resonant-based converters;robust control method;soft-switched switching converters;steady-state;switched variable;switching converter;switching converters;switching errors correction;transient state;voltage control;Buck converters;Error correction;Frequency conversion;Proportional control;Resonance;Robust control;Steady-state;Switches;Switching converters;Voltage control},
doi={10.1109/63.471281},
ISSN={0885-8993},}

@ARTICLE{King1974,
author={King, K. G.},
journal={Inst. Elec. Eng. Conf. Publ.},
title={A three phase transistor class-b inverter with sine wave output and high efficiency},
year={1974},
month={},
volume={123},
number={},
pages={204-209},
keywords={DC-DC power convertors;electric current control;nonlinear control systems;robust control;switching circuits;voltage control;constant frequency buck converter;continuous conduction;current control;discontinuous conduction;duty-ratio control;large-signal nonlinear control technique;one-cycle control;power source perturbations rejection;pulse-width-modulated converters;resonant-based converters;robust control method;soft-switched switching converters;steady-state;switched variable;switching converter;switching converters;switching errors correction;transient state;voltage control;Buck converters;Error correction;Frequency conversion;Proportional control;Resonance;Robust control;Steady-state;Switches;Switching converters;Voltage control},
doi={},
ISSN={},}

@ARTICLE{Aziz1996,
author={Aziz, P. M. and Sorensen, H. V. and van der Spiegel, J.},
journal={IEEE Signal Processing Magazine},
title={An overview of sigma-delta converters},
year={1996},
month={Jan.},
volume={13},
number={1},
pages={61-84},
keywords={noise;sigma-delta modulation;signal resolution;signal sampling;A/D conversion;high resolution;high resolution conversion;low bandwidth signals;narrowband bandpass signals;noise shaping;oversampling;parallel sigma-delta converters;performance modeling;sigma-delta A/D methods;signal bandwidth;Analog-digital conversion;Bandwidth;Delta-sigma modulation;Digital signal processing;Filters;Optical signal processing;Sampling methods;Signal processing;Signal resolution;Signal sampling},
doi={10.1109/79.482138},
ISSN={1053-5888},}

@ARTICLE{Jacob2014,
author={Jacob, B. and Baiju, M. R.},
journal={IEEE Trans. Ind. Electron.},
title={Space Vector Quantized Dithered Sigma Delta Modulator for Reducing the Harmonic Noise in Multilevel Converters},
year={2015},
month={April},
volume={62},
number={4},
pages={2064-2072},
keywords={Aerospace electronics;Harmonic analysis;Inverters;Modulation;Sigma-delta modulation;Switches;Vectors;Digital modulation;dithered sigma delta modulator;harmonic distortion;space vector quantization},
doi={10.1109/TIE.2014.2361491},
ISSN={0278-0046},}

@ARTICLE{Sung2012,
author={Guo-Ming Sung and Chih-Ping Yu and Tsai-Wang Hung and Hsiang-Yuan Hsieh},
journal={IEEE Trans. Power Electron.},
title={Mixed-Mode Chip Implementation of Digital Space SVPWM With Simplified-CPU and 12-Bit 2.56 Ms/s Switched-Current Delta-Sigma ADC in Motor Drive},
year={2012},
month={Feb.},
volume={27},
number={2},
pages={916-930},
keywords={CMOS integrated circuits;PI control;current comparators;delta-sigma modulation;flip-flops;induction motor drives;mixed analogue-digital integrated circuits;switched current circuits;CMOS process;D-type flip-flop;DSSVPWM;bandwidth 10 kHz;bias current generator;current comparator;current-mode digital-to-analog converter;decimator filter;digital scalar space vector pulse width modulation;discrete-time integrators;frequency 100 MHz;mixed-mode chip implementation;nonoverlapping clock generator;power 12.1 mW;power 17.95 mW;proportional-integral controller;simplified-CPU;size 0.35 mum;switched-current delta-sigma ADC;vector-controlled induction motor drive;voltage 3.3 V;word length 12 bit;Central Processing Unit;Control systems;Decision support systems;Digital circuits;Modulation;Motor drives;Registers;Analog-to-digital converter;delta-sigma modulator;motor drive;proportional-integral controller;space vector pulse width modulation;switched-current (SI)},
doi={10.1109/TPEL.2010.2091284},
ISSN={0885-8993},}

@ARTICLE{Tedde2014,
author={Tedde, M. and Smedley, K.},
journal={IEEE Trans. Power Electron.},
title={Anti-Islanding for Three-Phase One-Cycle Control Grid Tied Inverter},
year={2014},
month={July},
volume={29},
number={7},
pages={3330-3345},
keywords={distributed power generation;harmonic distortion;invertors;power conversion harmonics;power grids;IEEE Std. 1547;active anti islanding method;asymmetric converter current injection;islanding condition detection;perturbation minimization;power 40 kW;power system;subharmonic frequency;three-phase one-cycle control grid tied inverter;total harmonic distortion;Density estimation robust algorithm;Harmonic analysis;Inverters;Monitoring;Power systems;Standards;Voltage measurement;Anti-islanding;IEEE 1547;grid-tied inverter;one-cycle control},
doi={10.1109/TPEL.2013.2278792},
ISSN={0885-8993},}

@ARTICLE{Fortunato2008,
author={Fortunato, M. and Giustiniani, A. and Petrone, G. and Spagnuolo, G. and Vitelli, M.},
journal={IEEE Trans. Ind. Electron.},
title={Maximum Power Point Tracking in a One-Cycle-Controlled Single-Stage Photovoltaic Inverter},
year={2008},
month={July},
volume={55},
number={7},
pages={2684-2693},
keywords={invertors;optimisation;photovoltaic power systems;maximum power point tracking;one-cycle control;optimization algorithm;photovoltaic inverter;Maximum power point tracking (MPPT) techniques;maximum power point tracking techniques;one cycle control;one-cycle control (OCC);photovoltaic (PV) inverter;photovoltaic inverter},
doi={10.1109/TIE.2008.918463},
ISSN={0278-0046},}

@ARTICLE{Shen14,
author={Ke Shen and Dan Zhao and Jun Mei and Tolbert, L. M. and Jianze Wang and Mingfei Ban and Yanchao Ji and Xingguo Cai},
journal={IEEE Trans. Ind. Electron.},
title={Elimination of Harmonics in a Modular Multilevel Converter Using Particle Swarm Optimization-Based Staircase Modulation Strategy},
year={2014},
month={Oct.},
volume={61},
number={10},
pages={5311-5322},
keywords={particle swarm optimisation;power convertors;voltage control;Newton method;PSO algorithm;PSO algorithm-based staircase modulation strategy;global optimization;harmonics elimination;high-power energy conversion;high-voltage energy conversion;iterative initial values;modular multilevel converter;particle swarm optimization-based staircase modulation strategy;quadratic convergence;staircase modulated MMC;staircase modulation method;switching losses;switching patterns;voltage balancing control;Convergence;Equations;Mathematical model;Modulation;Newton method;Switches;Vectors;Capacitor voltage balancing;modular multilevel converter (MMC);particle swarm optimization (PSO);staircase modulation},
doi={10.1109/TIE.2013.2297301},
ISSN={0278-0046},}

@ARTICLE{Ilves15,
author={Ilves, K. and Harnefors, L. and Norrga, S. and Nee, H.-P.},
journal={IEEE Trans. Power Electron.},
title={Analysis and Operation of Modular Multilevel Converters With Phase-Shifted Carrier PWM},
year={2015},
month={Jan.},
volume={30},
number={1},
pages={268-283},
keywords={HVDC power convertors;power conversion harmonics;switching convertors;alternating voltages;capacitor voltages;circulating currents;modular multilevel converters;phase-shifted carrier PWM;phase-shifted carrier modulation;switching frequencies;switching frequency;Amplitude modulation;Capacitors;Harmonic analysis;Integrated circuits;Switches;Switching frequency;Capacitor voltages;circulating current;modular multilevel converter (M2C);phase-shifted PWM;switching harmonics},
doi={10.1109/TPEL.2014.2321049},
ISSN={0885-8993},}

@ARTICLE{Dahidah15,
author={Dahidah, M. S.A. and Konstantinou, G. and Agelidis, V. G.},
journal={IEEE Trans. Power Electron.},
title={A Review of Multilevel Selective Harmonic Elimination PWM: Formulations, Solving Algorithms, Implementation and Applications},
year={2015},
month={Aug.},
volume={30},
number={8},
pages={4091-4106},
keywords={DC-AC power convertors;PWM power convertors;power electronics;harmonic spectrum;high-power converters;multilevel converters;multilevel selective harmonic elimination PWM;power electronics converter;Equations;Harmonic analysis;Mathematical model;Power harmonic filters;Pulse width modulation;Switches;DC???AC conversion;modulation techniques;multilevel converters;pulse width modulation (PWM);selective harmonic elimination (SHE)},
doi={10.1109/TPEL.2014.2355226},
ISSN={0885-8993},}

@ARTICLE{Deng15,
author={Fujin Deng and Zhe Chen},
journal={IEEE Trans. Ind. Electron.},
title={Voltage-Balancing Method for Modular Multilevel Converters Under Phase-Shifted Carrier-Based Pulsewidth Modulation},
year={2015},
month={July},
volume={62},
number={7},
pages={4158-4169},
keywords={PWM power convertors;linearisation techniques;voltage control;capacitor charge transfer;capacitor voltage;computational intensity;linearization method;modular multilevel converters;phase-shifted carrier-based pulsewidth modulation;pulse sorting;voltage-balancing control method;Capacitors;Charge transfer;Sorting;Switches;Switching frequency;Voltage control;Voltage measurement;MMCs;Modular multilevel converter (MMC);Voltage balancing;phase-shifted carrier-based pulse-width modulation;phase-shifted carrier-based pulsewidth modulation (PSC-PWM);voltage balancing},
doi={10.1109/TIE.2014.2388195},
ISSN={0278-0046},}

@ARTICLE{Buccella2012,
author={Buccella, C. and Cecati, C. and Latafat, H.},
journal={IEEE Trans. Ind. Informat.},
title={Digital Control of Power Converters: A Survey},
year={2012},
month={Aug.},
volume={8},
number={3},
pages={437-447},
keywords={field programmable gate arrays;microcontrollers;power convertors;power system control;traction motors;FPGA;automotive;digital devices;distributed generation;electric traction systems;electrical energy flows;field programmable gate arrays;hardware design;industrial applications;microcontrollers;motors;power converters digital control;renewable energy systems;residential applications;software design;Digital control;Digital signal processing;Field programmable gate arrays;Hardware;Microcontrollers;Program processors;Pulse width modulation;ADC;digital control;digital signal processors (DSP);field programmable gate arrays (FPGA);industry standards;microcontrollers;power converters;pulse width modulation (PWM);rapid prototyping;real-time control},
doi={10.1109/TII.2012.2192280},
ISSN={1551-3203},}

@ARTICLE{Meynard2002,
author={Meynard, T. A. and Foch, H. and Thomas, P. and Courault, J. and Jakob, R. and Nahrstaedt, M.},
journal={IEEE Trans. Ind. Electron.},
title={Multicell converters: basic concepts and industry applications},
year={2002},
volume={49},
number={5},
pages={955-964},
keywords={DC-AC power convertors;harmonic distortion;harmonics suppression;invertors;power conversion harmonics;switching circuits;harmonics cancellation;industrial products;industry applications;low inductance busbars;modular design;multicell choppers;multicell power converters;open-loop modulation techniques;optimization;power systems harmonics;self-balancing;topology;variable-speed drives;voltage-source inverters;Conductors;Costs;Industry applications;Insulated gate bipolar transistors;Insulation;Inverters;Power electronics;Power system harmonics;Thyristors;Voltage},
doi={10.1109/TIE.2002.803174},
ISSN={0278-0046},
month={Oct},}

@INPROCEEDINGS{Agelidis1998,
author={Agelidis, V. G. and Calais, M.},
booktitle={29th Annual IEEE Power Electronics Specialists Conference (PESC)},
title={Application specific harmonic performance evaluation of multicarrier PWM techniques},
year={1998},
volume={1},
pages={172-178},
keywords={PWM power convertors;amplitude modulation;harmonic distortion;amplitude modulation indices;distortion factors;first-order AC output filtering;high power converter structures;hybrid multicarrier PWM technique;linear region;multicarrier PWM techniques;multicarrier disposition PWM techniques;multilevel converters;multilevel output voltage waveforms;output line voltage THD;over-modulation region;phase disposition;phase shifted concept;second-order AC output filtering;specific harmonic performance evaluation;total harmonic distortion;Amplitude modulation;Distortion measurement;Filtering;Power generation;Power harmonic filters;Pulse generation;Pulse width modulation;Pulse width modulation converters;Total harmonic distortion;Voltage},
doi={10.1109/PESC.1998.701896},
ISSN={0275-9306},
month={May},}

@INPROCEEDINGS{Aguilera2015,
author={Aguilera, R. P. and Lezana, P. and Konstantinou, G. and Acuna, P. and Bin Wu, and Bernet, S. and Agelidis, V. G.},
booktitle={41st Annual Conference on IEEE Industrial Electronics Society (IECON)}, title={Closed-Loop SHE-PWM Technique for Power
Converters Through Model Predictive Control},
year={2015, in press},
month={Nov.},
volume={},
number={},
pages={},
keywords={MPC strategy;SHM technique;harmonic distortion reduction;low order harmonic elimination;model predictive control;multilevel cascaded H-bridge converters;online SHE technique;power losses;pre-programmed voltage waveform generation;selective harmonic mitigation technique;switching frequency;harmonic distortion;harmonics suppression;power conversion harmonics;predictive control;},
doi={10.1109/IECON.2011.6120037},
ISSN={1553-572X},}

@ARTICLE{Konstantinou2013,
author={Konstantinou, G. and Ciobotaru, M. and Agelidis, V.},
journal={IET Power Electronics},
title={Selective harmonic elimination pulse-width modulation of modular multilevel converters},
year={2013},
volume={6},
number={1},
pages={96-107},
keywords={PWM power convertors;harmonics suppression;switching convertors;MMC topology;MSHE-PWM technique;low-order harmonic control;modular multilevel converter;multilevel selective harmonic elimination pulse-width modulation technique;power semiconductor;switching frequency},
doi={10.1049/iet-pel.2012.0228},
ISSN={1755-4535},
month={Jan},}

@ARTICLE{Li2015,
author={Li, Y. and Wang, Y. and Li, B. Q.},
journal={IEEE Trans. Emerg. Sel. Topics Power Electron.},
title={Generalized theory of phase-shifted carrier PWM for cascaded H-bridge converters and modular multilevel converters},
year={accepted for publication},
keywords={Automatic voltage control;Converters;Harmonic analysis;Manganese;Pulse width modulation;cascaded H-bridge converter;generalized theory;modular multilevel converter;phase-shift angle;phase-shift pattern;phase-shifted carrier PWM},
doi={10.1109/JESTPE.2015.2476699},
ISSN={2168-6777},
month={},}

@ARTICLE{Dong2014,
author={Dong-Hee Lee and Jin-Woo Ahn},
journal={IEEE Trans. Ind. Appl.},
title={A Simple and Direct Dead-Time Effect Compensation Scheme in PWM-VSI},
year={2014},
volume={50},
number={5},
pages={3017-3025},
keywords={PWM invertors;compensation;harmonic analysis;sampling methods;SVPWM switching interval error;current polarity;dc-link voltage;direct compensation technique;direct dead-time effect;gate drive;nonlinear voltage distortion;output voltage harmonics;pulsewidth modulation voltage source inverter;sampling period;space vector PWM;three-phase PWM-VSI;time delay;voltage vectors;Inverters;Logic gates;Space vector pulse width modulation;Switches;Vectors;Voltage control;Dead-time compensation;direct compensation of switching intervals;pulsewidth-modulation voltage-source inverter (PWM-VSI)},
doi={10.1109/TIA.2014.2303932},
ISSN={0093-9994},
month={Sept},}

@ARTICLE{Akin2015,
author={Li, X. and Akin, B. and Rajashekara, K.},
journal={IEEE Trans. Ind. Appl.},
title={Vector based dead-time compensation for three-level T-type converters},
year={accepted for publication},
keywords={Capacitors;Harmonic analysis;Modulation;Power harmonic filters;Switches;Switching frequency},
doi={10.1109/TIA.2015.2488653},
ISSN={0093-9994},
month={},}

@ARTICLE{Rabkowski12,
author={Rabkowski, J. and Peftitsis, D. and Nee, H.-P.},
journal={IEEE Ind. Electron. Mag.},
title={Silicon Carbide Power Transistors: A New Era in Power Electronics Is Initiated},
year={2012},
volume={6},
number={2},
pages={17-26},
keywords={power transistors;silicon compounds;thermal conductivity;wide band gap semiconductors;SiC;maximum temperature;silicon carbide power electronics;silicon carbide power transistor;thermal conductivity;voltage drop;voltage rating;Conductivity;Power electronics;Silicon;Silicon carbide;Thermal conductivity;Transistors},
doi={10.1109/MIE.2012.2193291},
ISSN={1932-4529},
month={June},}

@ARTICLE{Hudgins13,
author={Hudgins, J. L.},
journal={IEEE Trans. Emerg. Sel. Topics Power Electron.},
title={Power Electronic Devices in the Future},
year={2013},
volume={1},
number={1},
pages={11-17},
keywords={III-V semiconductors;gallium compounds;power semiconductor devices;silicon compounds;wide band gap semiconductors;GaN;SiC;WBG materials;carbon nanotubes;diamond;extrapolations;power electronic devices;silicon power device technology;wideband gap power devices;Carbon nanotubes;Diamonds;Gallium nitride;Power semiconductor devices;Silicon carbide;Wide band gap semiconductors;Carbon nanotubes;diamond;gallium nitride (GaN);power semiconductor devices;silicon carbide (SiC);wide band gap semiconductors},
doi={10.1109/JESTPE.2013.2260594},
ISSN={2168-6777},
month={March},}

@INPROCEEDINGS{Roodsari2012,
author={Roodsari, B. M. and Al-Judi, A. and Nowicki, E.},
booktitle={25th IEEE Canadian Conference on Electrical Computer Engineering (CCECE)},
title={Modified nearest three virtual space-vector modulation method for improved dc-capacitor voltage control in N-level diode clamped inverters},
year={2012},
pages={1-4},
keywords={DC motors;capacitors;digital signal processing chips;invertors;voltage control;3-level three-phase DCI;4-level three-phase DCI;DC-capacitor voltage control;DSP controller;MATLAB Simulink;N-level DCI;N-level diode clamped inverter;TMS320F2812 DSP;capacitor dc voltage fluctuation;duty cycle;inverter line-to-line output voltage;nearest three virtual space-vector modulation method;Capacitors;Inverters;Modulation;Support vector machines;Switches;Vectors;Voltage control;Multilevel inverter (MI);dc-capacitor voltage balancing;diode clamped inverter (DCI);space vector modulation (SVM);virtual space vector},
doi={10.1109/CCECE.2012.6334817},
ISSN={0840-7789},
month={April},}

@ARTICLE{pred2014,
author={Vazquez, S. and Leon, J. I. and Franquelo, L. G. and Rodriguez, J. and Young, H. A. and Marquez, A. and Zanchetta, P.},
journal={IEEE Ind. Electron. Mag.},
title={Model Predictive Control: A Review of Its Applications in Power Electronics},
year={2014},
volume={8},
number={1},
pages={16-31},
keywords={control nonlinearities;multivariable control systems;power convertors;power electronics;power system control;predictive control;AFE;MPC;active front end;induction machines;model based predictive control;multivariable case;power converters;power electronics application;power supplies;resistor inductor RL loads;Control systems;Converters;Induction machines;Motor drives;Power conversion;Power efficiency;Predictive control},
doi={10.1109/MIE.2013.2290138},
ISSN={1932-4529},
month={March},}

%-------------------------------------------------------------------------------------
%----------------------------------------Types----------------------------------------
%-------------------------------------------------------------------------------------
%@article
                %An article from a journal or magazine.
%@book
                %A book with an explicit publisher.
%@booklet
                %A work that is printed and bound, but without a named publisher or sponsoring institution.
%@inproceedings
                %An article in a conference proceedings.
%@proceedings
                %The proceedings of a conference.
%@conference
                %The same as inproceedings.
%@inbook
                %A part of a book, which may be a chapter (or section or whatever) and/or a range of pages.
%@incollection
                %A part of a book having its own title.
%@manual
                %Technical documentation.
%@mastersthesis
                %A Master's thesis.
%@misc
                %Use this type when nothing else fits.
%@phdthesis
                %A PhD thesis.
%@techreport
                %A report published by a school or other institution, usually numbered within a series.
%@unpublished
                %A document having an author and title, but not formally published.
%@collection
                %A collection of works. The same as proceedings
%@patent
                %A patent.

%-------------------------------------------------------------------------------------
%----------------------------------------Fields---------------------------------------
%-------------------------------------------------------------------------------------
%address
                %Usually the address of the publisher or other type of institution.
%annote
                %An annotation. It is not used by the standard bibliography styles, but may be used by others that produce an annotated bibliography.
%author
                %The name(s) of the author(s), in the format described in the LaTeX book.
%booktitle
                %Title of a book, part of which is being cited. See the LaTeX book for how to type titles. For book entries, use the title field instead.
%chapter
                %A chapter (or section or whatever) number.
%crossref
                %The database key of the entry being cross referenced. Any fields that are missing from the current record are inherited from the field being cross referenced.
%edition
                %The edition of a book---for example, ``Second''. This should be an ordinal, and should have the first letter capitalized, as shown here; the standard styles convert to lower case when necessary.
%editor
                %Name(s) of editor(s), typed as indicated in the LaTeX book. If there is also an author field, then the editor field gives the editor of the book or collection in which the reference appears.
%howpublished
                %How something strange has been published. The first word should be capitalized.
%institution
                %The sponsoring institution of a technical report.
%journal
                %A journal name. Abbreviations are provided for many journals.
%key
                %Used for alphabetizing, cross referencing, and creating a label when the ``author'' information is missing. This field should not be confused with the key that appears in the cite command and at the beginning of the database entry.
%month
                %The month in which the work was published or, for an unpublished work, in which it was written. You should use the standard three-letter abbreviation, as described in Appendix B.1.3 of the LaTeX book.
%note
                %Any additional information that can help the reader. The first word should be capitalized.
%number
                %The number of a journal, magazine, technical report, or of a work in a series. An issue of a journal or magazine is usually identified by its volume and number; the organization that issues a technical report usually gives it a number; and sometimes books are given numbers in a named series.
%organization
                %The organization that sponsors a conference or that publishes a manual.
%pages
                %One or more page numbers or range of numbers, such as 42--111 or 7,41,73--97 or 43+(the `+' in this last example indicates pages following that don't form a simple range). To make it easier to maintain Scribe-compatible databases, the standard styles convert a single dash (as in 7-33) to the double dash used in TeX to denote number ranges (as in 7--33).
%publisher
                %The publisher's name.
%school
                %The name of the school where a thesis was written.
%series
                %The name of a series or set of books. When citing an entire book, the the title field gives its title and an optional series field gives the name of a series or multi-volume set in which the book is published.
%title
                %The work's title, typed as explained in the LaTeX book.
%type
                %The type of a technical report---for example, ``Research Note''.
%volume
                %The volume of a journal or multi-volume book.
%year
                %The year of publication or, for an unpublished work, the year it was written. Generally it should consist of four numerals, such as 1984, although the standard styles can handle any year whose last four nonpunctuation characters are numerals, such as `\hbox{(about 1984)}'.
%affiliation
                %The authors affiliation.
%abstract
                %An abstract of the work.
%contents
                %A Table of Contents
%copyright
                %Copyright information.
%ISBN
                %The International Standard Book Number.
%ISSN
                %The International Standard Serial Number. Used to identify a journal.
%keywords
                %Key words used for searching or possibly for annotation.
%language
                %The language the document is in.
%location
                %A location associated with the entry, such as the city in which a conference took place.
%LCCN
                %The Library of Congress Call Number. I've also seen this as lib-congress.
%mrnumber
                %The Mathematical Reviews number.
%price
                %The price of the document.
%size
                %The physical dimensions of a work.
%URL
                %The WWW Universal Resource Locator that points to the item being referenced. This often is used for technical reports to point to the ftp site where the postscript source of the report is located.
